%YAML 1.1
%TAG !u! tag:unity3d.com,2011:
--- !u!1 &3497795519156391374
GameObject:
  m_ObjectHideFlags: 0
  m_CorrespondingSourceObject: {fileID: 0}
  m_PrefabInstance: {fileID: 0}
  m_PrefabAsset: {fileID: 0}
  serializedVersion: 6
  m_Component:
  - component: {fileID: 3497795519156391375}
  m_Layer: 0
  m_Name: petroso_dead_with_blood
  m_TagString: Untagged
  m_Icon: {fileID: 0}
  m_NavMeshLayer: 0
  m_StaticEditorFlags: 2147483647
  m_IsActive: 1
--- !u!4 &3497795519156391375
Transform:
  m_ObjectHideFlags: 0
  m_CorrespondingSourceObject: {fileID: 0}
  m_PrefabInstance: {fileID: 0}
  m_PrefabAsset: {fileID: 0}
  m_GameObject: {fileID: 3497795519156391374}
  m_LocalRotation: {x: 0, y: 0, z: 0, w: 1}
  m_LocalPosition: {x: 0, y: 0, z: 0}
  m_LocalScale: {x: 1, y: 1, z: 1}
  m_ConstrainProportionsScale: 0
  m_Children:
  - {fileID: 3963188575835263044}
  - {fileID: 3608608395815095129}
  - {fileID: 3608608393908474347}
  m_Father: {fileID: 0}
  m_RootOrder: 0
  m_LocalEulerAnglesHint: {x: 0, y: 0, z: 0}
--- !u!1001 &3497795519185698302
PrefabInstance:
  m_ObjectHideFlags: 0
  serializedVersion: 2
  m_Modification:
    m_TransformParent: {fileID: 3497795519156391375}
    m_Modifications:
    - target: {fileID: 188852431095622677, guid: 21ee59c4af0a6eb4fb2c95361e9ba35f, type: 3}
      propertyPath: m_RootOrder
      value: 2
      objectReference: {fileID: 0}
    - target: {fileID: 188852431095622677, guid: 21ee59c4af0a6eb4fb2c95361e9ba35f, type: 3}
      propertyPath: m_LocalPosition.x
      value: -50.931137
      objectReference: {fileID: 0}
    - target: {fileID: 188852431095622677, guid: 21ee59c4af0a6eb4fb2c95361e9ba35f, type: 3}
      propertyPath: m_LocalPosition.y
      value: 0
      objectReference: {fileID: 0}
    - target: {fileID: 188852431095622677, guid: 21ee59c4af0a6eb4fb2c95361e9ba35f, type: 3}
      propertyPath: m_LocalPosition.z
      value: -50.519745
      objectReference: {fileID: 0}
    - target: {fileID: 188852431095622677, guid: 21ee59c4af0a6eb4fb2c95361e9ba35f, type: 3}
      propertyPath: m_LocalRotation.w
      value: 0.7071068
      objectReference: {fileID: 0}
    - target: {fileID: 188852431095622677, guid: 21ee59c4af0a6eb4fb2c95361e9ba35f, type: 3}
      propertyPath: m_LocalRotation.x
      value: -0
      objectReference: {fileID: 0}
    - target: {fileID: 188852431095622677, guid: 21ee59c4af0a6eb4fb2c95361e9ba35f, type: 3}
      propertyPath: m_LocalRotation.y
      value: 0.7071068
      objectReference: {fileID: 0}
    - target: {fileID: 188852431095622677, guid: 21ee59c4af0a6eb4fb2c95361e9ba35f, type: 3}
      propertyPath: m_LocalRotation.z
      value: -0
      objectReference: {fileID: 0}
    - target: {fileID: 188852431095622677, guid: 21ee59c4af0a6eb4fb2c95361e9ba35f, type: 3}
      propertyPath: m_LocalEulerAnglesHint.x
      value: 0
      objectReference: {fileID: 0}
    - target: {fileID: 188852431095622677, guid: 21ee59c4af0a6eb4fb2c95361e9ba35f, type: 3}
      propertyPath: m_LocalEulerAnglesHint.y
      value: 90
      objectReference: {fileID: 0}
    - target: {fileID: 188852431095622677, guid: 21ee59c4af0a6eb4fb2c95361e9ba35f, type: 3}
      propertyPath: m_LocalEulerAnglesHint.z
      value: 0
      objectReference: {fileID: 0}
    - target: {fileID: 708508686663562927, guid: 21ee59c4af0a6eb4fb2c95361e9ba35f, type: 3}
      propertyPath: m_Name
      value: Blood_on_Ground-0 (1)
      objectReference: {fileID: 0}
    m_RemovedComponents: []
  m_SourcePrefab: {fileID: 100100000, guid: 21ee59c4af0a6eb4fb2c95361e9ba35f, type: 3}
--- !u!4 &3608608393908474347 stripped
Transform:
  m_CorrespondingSourceObject: {fileID: 188852431095622677, guid: 21ee59c4af0a6eb4fb2c95361e9ba35f, type: 3}
  m_PrefabInstance: {fileID: 3497795519185698302}
  m_PrefabAsset: {fileID: 0}
--- !u!1001 &3497795520500426572
PrefabInstance:
  m_ObjectHideFlags: 0
  serializedVersion: 2
  m_Modification:
    m_TransformParent: {fileID: 3497795519156391375}
    m_Modifications:
    - target: {fileID: 188852431095622677, guid: 21ee59c4af0a6eb4fb2c95361e9ba35f, type: 3}
      propertyPath: m_RootOrder
      value: 1
      objectReference: {fileID: 0}
    - target: {fileID: 188852431095622677, guid: 21ee59c4af0a6eb4fb2c95361e9ba35f, type: 3}
      propertyPath: m_LocalPosition.x
      value: -49.614613
      objectReference: {fileID: 0}
    - target: {fileID: 188852431095622677, guid: 21ee59c4af0a6eb4fb2c95361e9ba35f, type: 3}
      propertyPath: m_LocalPosition.y
      value: 0
      objectReference: {fileID: 0}
    - target: {fileID: 188852431095622677, guid: 21ee59c4af0a6eb4fb2c95361e9ba35f, type: 3}
      propertyPath: m_LocalPosition.z
      value: -52.109238
      objectReference: {fileID: 0}
    - target: {fileID: 188852431095622677, guid: 21ee59c4af0a6eb4fb2c95361e9ba35f, type: 3}
      propertyPath: m_LocalRotation.w
      value: 0.7071068
      objectReference: {fileID: 0}
    - target: {fileID: 188852431095622677, guid: 21ee59c4af0a6eb4fb2c95361e9ba35f, type: 3}
      propertyPath: m_LocalRotation.x
      value: -0
      objectReference: {fileID: 0}
    - target: {fileID: 188852431095622677, guid: 21ee59c4af0a6eb4fb2c95361e9ba35f, type: 3}
      propertyPath: m_LocalRotation.y
      value: 0.7071068
      objectReference: {fileID: 0}
    - target: {fileID: 188852431095622677, guid: 21ee59c4af0a6eb4fb2c95361e9ba35f, type: 3}
      propertyPath: m_LocalRotation.z
      value: -0
      objectReference: {fileID: 0}
    - target: {fileID: 188852431095622677, guid: 21ee59c4af0a6eb4fb2c95361e9ba35f, type: 3}
      propertyPath: m_LocalEulerAnglesHint.x
      value: 0
      objectReference: {fileID: 0}
    - target: {fileID: 188852431095622677, guid: 21ee59c4af0a6eb4fb2c95361e9ba35f, type: 3}
      propertyPath: m_LocalEulerAnglesHint.y
      value: 90
      objectReference: {fileID: 0}
    - target: {fileID: 188852431095622677, guid: 21ee59c4af0a6eb4fb2c95361e9ba35f, type: 3}
      propertyPath: m_LocalEulerAnglesHint.z
      value: 0
      objectReference: {fileID: 0}
    - target: {fileID: 708508686663562927, guid: 21ee59c4af0a6eb4fb2c95361e9ba35f, type: 3}
      propertyPath: m_Name
      value: Blood_on_Ground-0 (2)
      objectReference: {fileID: 0}
    m_RemovedComponents: []
  m_SourcePrefab: {fileID: 100100000, guid: 21ee59c4af0a6eb4fb2c95361e9ba35f, type: 3}
--- !u!4 &3608608395815095129 stripped
Transform:
  m_CorrespondingSourceObject: {fileID: 188852431095622677, guid: 21ee59c4af0a6eb4fb2c95361e9ba35f, type: 3}
  m_PrefabInstance: {fileID: 3497795520500426572}
  m_PrefabAsset: {fileID: 0}
--- !u!1001 &4599525265293368706
PrefabInstance:
  m_ObjectHideFlags: 0
  serializedVersion: 2
  m_Modification:
    m_TransformParent: {fileID: 3497795519156391375}
    m_Modifications:
    - target: {fileID: 260936595958568828, guid: 831931389963c904992db7c77f06eb29, type: 3}
      propertyPath: m_Name
      value: warzombie_petroso_dead
      objectReference: {fileID: 0}
    - target: {fileID: 636371899885211078, guid: 831931389963c904992db7c77f06eb29, type: 3}
      propertyPath: m_RootOrder
      value: 0
      objectReference: {fileID: 0}
    - target: {fileID: 636371899885211078, guid: 831931389963c904992db7c77f06eb29, type: 3}
      propertyPath: m_LocalPosition.x
      value: -49.511063
      objectReference: {fileID: 0}
    - target: {fileID: 636371899885211078, guid: 831931389963c904992db7c77f06eb29, type: 3}
      propertyPath: m_LocalPosition.y
      value: 0.22041035
      objectReference: {fileID: 0}
    - target: {fileID: 636371899885211078, guid: 831931389963c904992db7c77f06eb29, type: 3}
      propertyPath: m_LocalPosition.z
      value: -51.416992
      objectReference: {fileID: 0}
    - target: {fileID: 636371899885211078, guid: 831931389963c904992db7c77f06eb29, type: 3}
      propertyPath: m_LocalRotation.w
      value: 1
      objectReference: {fileID: 0}
    - target: {fileID: 636371899885211078, guid: 831931389963c904992db7c77f06eb29, type: 3}
      propertyPath: m_LocalRotation.x
      value: 0.000000081460335
      objectReference: {fileID: 0}
    - target: {fileID: 636371899885211078, guid: 831931389963c904992db7c77f06eb29, type: 3}
      propertyPath: m_LocalRotation.y
      value: -0
      objectReference: {fileID: 0}
    - target: {fileID: 636371899885211078, guid: 831931389963c904992db7c77f06eb29, type: 3}
      propertyPath: m_LocalRotation.z
      value: -0
      objectReference: {fileID: 0}
    - target: {fileID: 636371899885211078, guid: 831931389963c904992db7c77f06eb29, type: 3}
      propertyPath: m_LocalEulerAnglesHint.x
      value: 0
      objectReference: {fileID: 0}
    - target: {fileID: 636371899885211078, guid: 831931389963c904992db7c77f06eb29, type: 3}
      propertyPath: m_LocalEulerAnglesHint.y
      value: 0
      objectReference: {fileID: 0}
    - target: {fileID: 636371899885211078, guid: 831931389963c904992db7c77f06eb29, type: 3}
      propertyPath: m_LocalEulerAnglesHint.z
      value: 0
      objectReference: {fileID: 0}
    m_RemovedComponents: []
  m_SourcePrefab: {fileID: 100100000, guid: 831931389963c904992db7c77f06eb29, type: 3}
--- !u!4 &3963188575835263044 stripped
Transform:
  m_CorrespondingSourceObject: {fileID: 636371899885211078, guid: 831931389963c904992db7c77f06eb29, type: 3}
  m_PrefabInstance: {fileID: 4599525265293368706}
  m_PrefabAsset: {fileID: 0}
