%YAML 1.1
%TAG !u! tag:unity3d.com,2011:
--- !u!1 &1093940366738466064
GameObject:
  m_ObjectHideFlags: 0
  m_CorrespondingSourceObject: {fileID: 0}
  m_PrefabInstance: {fileID: 0}
  m_PrefabAsset: {fileID: 0}
  serializedVersion: 6
  m_Component:
  - component: {fileID: 1093940366738466067}
  m_Layer: 0
  m_Name: Goal_Room
  m_TagString: Untagged
  m_Icon: {fileID: 0}
  m_NavMeshLayer: 0
  m_StaticEditorFlags: 2147483647
  m_IsActive: 1
--- !u!4 &1093940366738466067
Transform:
  m_ObjectHideFlags: 0
  m_CorrespondingSourceObject: {fileID: 0}
  m_PrefabInstance: {fileID: 0}
  m_PrefabAsset: {fileID: 0}
  m_GameObject: {fileID: 1093940366738466064}
  m_LocalRotation: {x: -0, y: -0, z: -0, w: 1}
  m_LocalPosition: {x: 0, y: 0, z: 0}
  m_LocalScale: {x: 1, y: 1, z: 1}
  m_ConstrainProportionsScale: 0
  m_Children:
  - {fileID: 6058276843712299675}
  - {fileID: 622848644633217977}
  - {fileID: 622848643781983113}
  - {fileID: 622848645246852584}
  - {fileID: 2715223091145046661}
  - {fileID: 6838903264827787245}
  - {fileID: 2384009702195782933}
  - {fileID: 2715223089940349662}
  - {fileID: 7233707412767088412}
  - {fileID: 2715223090507577709}
  - {fileID: 4992236697102214598}
  - {fileID: 4992236695974160303}
  - {fileID: 4992236696989659562}
  - {fileID: 8737761344904184691}
  - {fileID: 8737761344872418591}
  - {fileID: 8737761346239236784}
  - {fileID: 8737761345873797127}
  - {fileID: 6832414899308617854}
  - {fileID: 7068525633046615340}
  - {fileID: 622848644279478418}
  - {fileID: 8051862112186691790}
  - {fileID: 8051862113466961037}
  - {fileID: 8051862112217852041}
  - {fileID: 8051862111792293375}
  - {fileID: 8051862113242521306}
  - {fileID: 8051862112211343154}
  - {fileID: 1093940367358149174}
  - {fileID: 3232816276097536991}
  m_Father: {fileID: 0}
  m_RootOrder: 0
  m_LocalEulerAnglesHint: {x: 0, y: 0, z: 0}
--- !u!1 &1093940367358149175
GameObject:
  m_ObjectHideFlags: 0
  m_CorrespondingSourceObject: {fileID: 0}
  m_PrefabInstance: {fileID: 0}
  m_PrefabAsset: {fileID: 0}
  serializedVersion: 6
  m_Component:
  - component: {fileID: 1093940367358149174}
  - component: {fileID: 1093940367358149168}
  - component: {fileID: 1093940367358149169}
  - component: {fileID: 3508202129399452045}
  m_Layer: 0
  m_Name: EndTrigger
  m_TagString: Untagged
  m_Icon: {fileID: 0}
  m_NavMeshLayer: 0
  m_StaticEditorFlags: 0
  m_IsActive: 1
--- !u!4 &1093940367358149174
Transform:
  m_ObjectHideFlags: 0
  m_CorrespondingSourceObject: {fileID: 0}
  m_PrefabInstance: {fileID: 0}
  m_PrefabAsset: {fileID: 0}
  m_GameObject: {fileID: 1093940367358149175}
  m_LocalRotation: {x: -0, y: -0, z: -0, w: 1}
  m_LocalPosition: {x: 21.553673, y: 8.060715, z: 48.72339}
  m_LocalScale: {x: 1, y: 1, z: 1}
  m_ConstrainProportionsScale: 0
  m_Children:
  - {fileID: 4912150110660764742}
  m_Father: {fileID: 1093940366738466067}
  m_RootOrder: 26
  m_LocalEulerAnglesHint: {x: 0, y: 0, z: 0}
--- !u!65 &1093940367358149168
BoxCollider:
  m_ObjectHideFlags: 0
  m_CorrespondingSourceObject: {fileID: 0}
  m_PrefabInstance: {fileID: 0}
  m_PrefabAsset: {fileID: 0}
  m_GameObject: {fileID: 1093940367358149175}
  m_Material: {fileID: 0}
  m_IsTrigger: 1
  m_Enabled: 1
  serializedVersion: 2
  m_Size: {x: 50, y: 20, z: 10}
  m_Center: {x: 0, y: 0, z: 0}
--- !u!114 &1093940367358149169
MonoBehaviour:
  m_ObjectHideFlags: 0
  m_CorrespondingSourceObject: {fileID: 0}
  m_PrefabInstance: {fileID: 0}
  m_PrefabAsset: {fileID: 0}
  m_GameObject: {fileID: 1093940367358149175}
  m_Enabled: 1
  m_EditorHideFlags: 0
  m_Script: {fileID: 11500000, guid: 1e998eeff88d097448f8225d90565b66, type: 3}
  m_Name: 
  m_EditorClassIdentifier: 
  Triggered: 0
--- !u!114 &3508202129399452045
MonoBehaviour:
  m_ObjectHideFlags: 0
  m_CorrespondingSourceObject: {fileID: 0}
  m_PrefabInstance: {fileID: 0}
  m_PrefabAsset: {fileID: 0}
  m_GameObject: {fileID: 1093940367358149175}
  m_Enabled: 1
  m_EditorHideFlags: 0
  m_Script: {fileID: 11500000, guid: 6c2a121625cdb0241aa3798b6f153f54, type: 3}
  m_Name: 
  m_EditorClassIdentifier: 
  spawnPosition: {fileID: 5364229376879502888}
  player: {fileID: 0}
  TaskText: Gehe durch das Portal.
--- !u!1 &5364229376879502888
GameObject:
  m_ObjectHideFlags: 0
  m_CorrespondingSourceObject: {fileID: 0}
  m_PrefabInstance: {fileID: 0}
  m_PrefabAsset: {fileID: 0}
  serializedVersion: 6
  m_Component:
  - component: {fileID: 4912150110660764742}
  m_Layer: 0
  m_Name: RespawnPoint
  m_TagString: Untagged
  m_Icon: {fileID: 0}
  m_NavMeshLayer: 0
  m_StaticEditorFlags: 0
  m_IsActive: 1
--- !u!4 &4912150110660764742
Transform:
  m_ObjectHideFlags: 0
  m_CorrespondingSourceObject: {fileID: 0}
  m_PrefabInstance: {fileID: 0}
  m_PrefabAsset: {fileID: 0}
  m_GameObject: {fileID: 5364229376879502888}
  m_LocalRotation: {x: 0, y: 0, z: 0, w: 1}
  m_LocalPosition: {x: 0, y: 0, z: 0}
  m_LocalScale: {x: 1, y: 1, z: 1}
  m_ConstrainProportionsScale: 0
  m_Children: []
  m_Father: {fileID: 1093940367358149174}
  m_RootOrder: 0
  m_LocalEulerAnglesHint: {x: 0, y: 0, z: 0}
--- !u!1 &7847537171115639035
GameObject:
  m_ObjectHideFlags: 0
  m_CorrespondingSourceObject: {fileID: 0}
  m_PrefabInstance: {fileID: 0}
  m_PrefabAsset: {fileID: 0}
  serializedVersion: 6
  m_Component:
  - component: {fileID: 3232816276097536991}
  - component: {fileID: 3763317418466099187}
  m_Layer: 0
  m_Name: EndCamera
  m_TagString: Untagged
  m_Icon: {fileID: 0}
  m_NavMeshLayer: 0
  m_StaticEditorFlags: 0
  m_IsActive: 1
--- !u!4 &3232816276097536991
Transform:
  m_ObjectHideFlags: 0
  m_CorrespondingSourceObject: {fileID: 0}
  m_PrefabInstance: {fileID: 0}
  m_PrefabAsset: {fileID: 0}
  m_GameObject: {fileID: 7847537171115639035}
  m_LocalRotation: {x: -0, y: -0, z: -0, w: 1}
  m_LocalPosition: {x: 18.680199, y: 14.145737, z: 93.48889}
  m_LocalScale: {x: 1, y: 1, z: 1}
  m_ConstrainProportionsScale: 0
  m_Children:
  - {fileID: 5448092273687718590}
  m_Father: {fileID: 1093940366738466067}
  m_RootOrder: 27
  m_LocalEulerAnglesHint: {x: 0, y: 0, z: 0}
--- !u!114 &3763317418466099187
MonoBehaviour:
  m_ObjectHideFlags: 0
  m_CorrespondingSourceObject: {fileID: 0}
  m_PrefabInstance: {fileID: 0}
  m_PrefabAsset: {fileID: 0}
  m_GameObject: {fileID: 7847537171115639035}
  m_Enabled: 1
  m_EditorHideFlags: 0
  m_Script: {fileID: 11500000, guid: 45e653bab7fb20e499bda25e1b646fea, type: 3}
  m_Name: 
  m_EditorClassIdentifier: 
  m_ExcludedPropertiesInInspector:
  - m_Script
  m_LockStageInInspector: 
  m_StreamingVersion: 20170927
  m_Priority: 0
  m_StandbyUpdate: 2
  m_LookAt: {fileID: 0}
  m_Follow: {fileID: 0}
  m_Lens:
    FieldOfView: 40
    OrthographicSize: 10
    NearClipPlane: 0.2
    FarClipPlane: 500
    Dutch: 0
    ModeOverride: 0
    LensShift: {x: 0, y: 0}
    GateFit: 2
    m_SensorSize: {x: 1.803547, y: 1}
  m_Transitions:
    m_BlendHint: 0
    m_InheritPosition: 0
    m_OnCameraLive:
      m_PersistentCalls:
        m_Calls: []
  m_LegacyBlendHint: 0
  m_ComponentOwner: {fileID: 5448092273687718590}
--- !u!1 &7995045965906057359
GameObject:
  m_ObjectHideFlags: 0
  m_CorrespondingSourceObject: {fileID: 0}
  m_PrefabInstance: {fileID: 0}
  m_PrefabAsset: {fileID: 0}
  serializedVersion: 6
  m_Component:
  - component: {fileID: 5448092273687718590}
  - component: {fileID: 8224398057226705481}
  m_Layer: 0
  m_Name: cm
  m_TagString: Untagged
  m_Icon: {fileID: 0}
  m_NavMeshLayer: 0
  m_StaticEditorFlags: 0
  m_IsActive: 1
--- !u!4 &5448092273687718590
Transform:
  m_ObjectHideFlags: 0
  m_CorrespondingSourceObject: {fileID: 0}
  m_PrefabInstance: {fileID: 0}
  m_PrefabAsset: {fileID: 0}
  m_GameObject: {fileID: 7995045965906057359}
  m_LocalRotation: {x: -0.12505555, y: 0.014881644, z: -0.0018746958, w: 0.99203634}
  m_LocalPosition: {x: -73.07593, y: -235.2486, z: -692.497}
  m_LocalScale: {x: 1, y: 1, z: 1}
  m_ConstrainProportionsScale: 0
  m_Children: []
  m_Father: {fileID: 3232816276097536991}
  m_RootOrder: 0
  m_LocalEulerAnglesHint: {x: 0, y: 0, z: 0}
--- !u!114 &8224398057226705481
MonoBehaviour:
  m_ObjectHideFlags: 0
  m_CorrespondingSourceObject: {fileID: 0}
  m_PrefabInstance: {fileID: 0}
  m_PrefabAsset: {fileID: 0}
  m_GameObject: {fileID: 7995045965906057359}
  m_Enabled: 1
  m_EditorHideFlags: 0
  m_Script: {fileID: 11500000, guid: ac0b09e7857660247b1477e93731de29, type: 3}
  m_Name: 
  m_EditorClassIdentifier: 
--- !u!1001 &1093940365900968370
PrefabInstance:
  m_ObjectHideFlags: 0
  serializedVersion: 2
  m_Modification:
    m_TransformParent: {fileID: 1093940366738466067}
    m_Modifications:
    - target: {fileID: 6959047797664640872, guid: 06793eeb0cea7bc46976b86927fe84e8, type: 3}
      propertyPath: m_RootOrder
      value: 24
      objectReference: {fileID: 0}
    - target: {fileID: 6959047797664640872, guid: 06793eeb0cea7bc46976b86927fe84e8, type: 3}
      propertyPath: m_LocalPosition.x
      value: 25.730186
      objectReference: {fileID: 0}
    - target: {fileID: 6959047797664640872, guid: 06793eeb0cea7bc46976b86927fe84e8, type: 3}
      propertyPath: m_LocalPosition.y
      value: -0.009231567
      objectReference: {fileID: 0}
    - target: {fileID: 6959047797664640872, guid: 06793eeb0cea7bc46976b86927fe84e8, type: 3}
      propertyPath: m_LocalPosition.z
      value: 83.45984
      objectReference: {fileID: 0}
    - target: {fileID: 6959047797664640872, guid: 06793eeb0cea7bc46976b86927fe84e8, type: 3}
      propertyPath: m_LocalRotation.w
      value: 0
      objectReference: {fileID: 0}
    - target: {fileID: 6959047797664640872, guid: 06793eeb0cea7bc46976b86927fe84e8, type: 3}
      propertyPath: m_LocalRotation.x
      value: -0
      objectReference: {fileID: 0}
    - target: {fileID: 6959047797664640872, guid: 06793eeb0cea7bc46976b86927fe84e8, type: 3}
      propertyPath: m_LocalRotation.y
      value: 1
      objectReference: {fileID: 0}
    - target: {fileID: 6959047797664640872, guid: 06793eeb0cea7bc46976b86927fe84e8, type: 3}
      propertyPath: m_LocalRotation.z
      value: -0
      objectReference: {fileID: 0}
    - target: {fileID: 6959047797664640872, guid: 06793eeb0cea7bc46976b86927fe84e8, type: 3}
      propertyPath: m_LocalEulerAnglesHint.x
      value: 0
      objectReference: {fileID: 0}
    - target: {fileID: 6959047797664640872, guid: 06793eeb0cea7bc46976b86927fe84e8, type: 3}
      propertyPath: m_LocalEulerAnglesHint.y
      value: 180
      objectReference: {fileID: 0}
    - target: {fileID: 6959047797664640872, guid: 06793eeb0cea7bc46976b86927fe84e8, type: 3}
      propertyPath: m_LocalEulerAnglesHint.z
      value: 0
      objectReference: {fileID: 0}
    - target: {fileID: 7771050996611134930, guid: 06793eeb0cea7bc46976b86927fe84e8, type: 3}
      propertyPath: m_Name
      value: Invisible_Wall (5)
      objectReference: {fileID: 0}
    m_RemovedComponents: []
  m_SourcePrefab: {fileID: 100100000, guid: 06793eeb0cea7bc46976b86927fe84e8, type: 3}
--- !u!4 &8051862113242521306 stripped
Transform:
  m_CorrespondingSourceObject: {fileID: 6959047797664640872, guid: 06793eeb0cea7bc46976b86927fe84e8, type: 3}
  m_PrefabInstance: {fileID: 1093940365900968370}
  m_PrefabAsset: {fileID: 0}
--- !u!1001 &1093940365937260529
PrefabInstance:
  m_ObjectHideFlags: 0
  serializedVersion: 2
  m_Modification:
    m_TransformParent: {fileID: 1093940366738466067}
    m_Modifications:
    - target: {fileID: 2435265805226973134, guid: 34e326f74f8844d4584b9d344782d87a, type: 3}
      propertyPath: m_Name
      value: Room_Corner_blue_energy-0 (1)
      objectReference: {fileID: 0}
    - target: {fileID: 3062480682510306676, guid: 34e326f74f8844d4584b9d344782d87a, type: 3}
      propertyPath: m_RootOrder
      value: 4
      objectReference: {fileID: 0}
    - target: {fileID: 3062480682510306676, guid: 34e326f74f8844d4584b9d344782d87a, type: 3}
      propertyPath: m_LocalPosition.x
      value: 19.010277
      objectReference: {fileID: 0}
    - target: {fileID: 3062480682510306676, guid: 34e326f74f8844d4584b9d344782d87a, type: 3}
      propertyPath: m_LocalPosition.y
      value: -0.009231567
      objectReference: {fileID: 0}
    - target: {fileID: 3062480682510306676, guid: 34e326f74f8844d4584b9d344782d87a, type: 3}
      propertyPath: m_LocalPosition.z
      value: 19.159546
      objectReference: {fileID: 0}
    - target: {fileID: 3062480682510306676, guid: 34e326f74f8844d4584b9d344782d87a, type: 3}
      propertyPath: m_LocalRotation.w
      value: 0
      objectReference: {fileID: 0}
    - target: {fileID: 3062480682510306676, guid: 34e326f74f8844d4584b9d344782d87a, type: 3}
      propertyPath: m_LocalRotation.x
      value: -0
      objectReference: {fileID: 0}
    - target: {fileID: 3062480682510306676, guid: 34e326f74f8844d4584b9d344782d87a, type: 3}
      propertyPath: m_LocalRotation.y
      value: 1
      objectReference: {fileID: 0}
    - target: {fileID: 3062480682510306676, guid: 34e326f74f8844d4584b9d344782d87a, type: 3}
      propertyPath: m_LocalRotation.z
      value: -0
      objectReference: {fileID: 0}
    - target: {fileID: 3062480682510306676, guid: 34e326f74f8844d4584b9d344782d87a, type: 3}
      propertyPath: m_LocalEulerAnglesHint.x
      value: 0
      objectReference: {fileID: 0}
    - target: {fileID: 3062480682510306676, guid: 34e326f74f8844d4584b9d344782d87a, type: 3}
      propertyPath: m_LocalEulerAnglesHint.y
      value: 180
      objectReference: {fileID: 0}
    - target: {fileID: 3062480682510306676, guid: 34e326f74f8844d4584b9d344782d87a, type: 3}
      propertyPath: m_LocalEulerAnglesHint.z
      value: 0
      objectReference: {fileID: 0}
    m_RemovedComponents: []
  m_SourcePrefab: {fileID: 100100000, guid: 34e326f74f8844d4584b9d344782d87a, type: 3}
--- !u!4 &2715223091145046661 stripped
Transform:
  m_CorrespondingSourceObject: {fileID: 3062480682510306676, guid: 34e326f74f8844d4584b9d344782d87a, type: 3}
  m_PrefabInstance: {fileID: 1093940365937260529}
  m_PrefabAsset: {fileID: 0}
--- !u!1001 &1093940366068545656
PrefabInstance:
  m_ObjectHideFlags: 0
  serializedVersion: 2
  m_Modification:
    m_TransformParent: {fileID: 1093940366738466067}
    m_Modifications:
    - target: {fileID: 4693411104841618280, guid: 05abadbfe964eef4094af74f6de84d45, type: 3}
      propertyPath: m_Name
      value: Floor_blue_energy (3)
      objectReference: {fileID: 0}
    - target: {fileID: 5361966523357661650, guid: 05abadbfe964eef4094af74f6de84d45, type: 3}
      propertyPath: m_RootOrder
      value: 12
      objectReference: {fileID: 0}
    - target: {fileID: 5361966523357661650, guid: 05abadbfe964eef4094af74f6de84d45, type: 3}
      propertyPath: m_LocalPosition.x
      value: 18.910301
      objectReference: {fileID: 0}
    - target: {fileID: 5361966523357661650, guid: 05abadbfe964eef4094af74f6de84d45, type: 3}
      propertyPath: m_LocalPosition.y
      value: 0.09074402
      objectReference: {fileID: 0}
    - target: {fileID: 5361966523357661650, guid: 05abadbfe964eef4094af74f6de84d45, type: 3}
      propertyPath: m_LocalPosition.z
      value: 83.121216
      objectReference: {fileID: 0}
    - target: {fileID: 5361966523357661650, guid: 05abadbfe964eef4094af74f6de84d45, type: 3}
      propertyPath: m_LocalRotation.w
      value: 1
      objectReference: {fileID: 0}
    - target: {fileID: 5361966523357661650, guid: 05abadbfe964eef4094af74f6de84d45, type: 3}
      propertyPath: m_LocalRotation.x
      value: -0
      objectReference: {fileID: 0}
    - target: {fileID: 5361966523357661650, guid: 05abadbfe964eef4094af74f6de84d45, type: 3}
      propertyPath: m_LocalRotation.y
      value: -0
      objectReference: {fileID: 0}
    - target: {fileID: 5361966523357661650, guid: 05abadbfe964eef4094af74f6de84d45, type: 3}
      propertyPath: m_LocalRotation.z
      value: -0
      objectReference: {fileID: 0}
    - target: {fileID: 5361966523357661650, guid: 05abadbfe964eef4094af74f6de84d45, type: 3}
      propertyPath: m_LocalEulerAnglesHint.x
      value: 0
      objectReference: {fileID: 0}
    - target: {fileID: 5361966523357661650, guid: 05abadbfe964eef4094af74f6de84d45, type: 3}
      propertyPath: m_LocalEulerAnglesHint.y
      value: 0
      objectReference: {fileID: 0}
    - target: {fileID: 5361966523357661650, guid: 05abadbfe964eef4094af74f6de84d45, type: 3}
      propertyPath: m_LocalEulerAnglesHint.z
      value: 0
      objectReference: {fileID: 0}
    m_RemovedComponents: []
  m_SourcePrefab: {fileID: 100100000, guid: 05abadbfe964eef4094af74f6de84d45, type: 3}
--- !u!4 &4992236696989659562 stripped
Transform:
  m_CorrespondingSourceObject: {fileID: 5361966523357661650, guid: 05abadbfe964eef4094af74f6de84d45, type: 3}
  m_PrefabInstance: {fileID: 1093940366068545656}
  m_PrefabAsset: {fileID: 0}
--- !u!1001 &1093940366108533733
PrefabInstance:
  m_ObjectHideFlags: 0
  serializedVersion: 2
  m_Modification:
    m_TransformParent: {fileID: 1093940366738466067}
    m_Modifications:
    - target: {fileID: 6959047797664640872, guid: 06793eeb0cea7bc46976b86927fe84e8, type: 3}
      propertyPath: m_RootOrder
      value: 21
      objectReference: {fileID: 0}
    - target: {fileID: 6959047797664640872, guid: 06793eeb0cea7bc46976b86927fe84e8, type: 3}
      propertyPath: m_LocalPosition.x
      value: 12.085289
      objectReference: {fileID: 0}
    - target: {fileID: 6959047797664640872, guid: 06793eeb0cea7bc46976b86927fe84e8, type: 3}
      propertyPath: m_LocalPosition.y
      value: 0.09074402
      objectReference: {fileID: 0}
    - target: {fileID: 6959047797664640872, guid: 06793eeb0cea7bc46976b86927fe84e8, type: 3}
      propertyPath: m_LocalPosition.z
      value: 70.65967
      objectReference: {fileID: 0}
    - target: {fileID: 6959047797664640872, guid: 06793eeb0cea7bc46976b86927fe84e8, type: 3}
      propertyPath: m_LocalRotation.w
      value: 1
      objectReference: {fileID: 0}
    - target: {fileID: 6959047797664640872, guid: 06793eeb0cea7bc46976b86927fe84e8, type: 3}
      propertyPath: m_LocalRotation.x
      value: -0
      objectReference: {fileID: 0}
    - target: {fileID: 6959047797664640872, guid: 06793eeb0cea7bc46976b86927fe84e8, type: 3}
      propertyPath: m_LocalRotation.y
      value: -0
      objectReference: {fileID: 0}
    - target: {fileID: 6959047797664640872, guid: 06793eeb0cea7bc46976b86927fe84e8, type: 3}
      propertyPath: m_LocalRotation.z
      value: -0
      objectReference: {fileID: 0}
    - target: {fileID: 6959047797664640872, guid: 06793eeb0cea7bc46976b86927fe84e8, type: 3}
      propertyPath: m_LocalEulerAnglesHint.x
      value: 0
      objectReference: {fileID: 0}
    - target: {fileID: 6959047797664640872, guid: 06793eeb0cea7bc46976b86927fe84e8, type: 3}
      propertyPath: m_LocalEulerAnglesHint.y
      value: 0
      objectReference: {fileID: 0}
    - target: {fileID: 6959047797664640872, guid: 06793eeb0cea7bc46976b86927fe84e8, type: 3}
      propertyPath: m_LocalEulerAnglesHint.z
      value: 0
      objectReference: {fileID: 0}
    - target: {fileID: 7771050996611134930, guid: 06793eeb0cea7bc46976b86927fe84e8, type: 3}
      propertyPath: m_Name
      value: Invisible_Wall (2)
      objectReference: {fileID: 0}
    m_RemovedComponents: []
  m_SourcePrefab: {fileID: 100100000, guid: 06793eeb0cea7bc46976b86927fe84e8, type: 3}
--- !u!4 &8051862113466961037 stripped
Transform:
  m_CorrespondingSourceObject: {fileID: 6959047797664640872, guid: 06793eeb0cea7bc46976b86927fe84e8, type: 3}
  m_PrefabInstance: {fileID: 1093940366108533733}
  m_PrefabAsset: {fileID: 0}
--- !u!1001 &1093940366240345108
PrefabInstance:
  m_ObjectHideFlags: 0
  serializedVersion: 2
  m_Modification:
    m_TransformParent: {fileID: 1093940366738466067}
    m_Modifications:
    - target: {fileID: 4693411104841618280, guid: 05abadbfe964eef4094af74f6de84d45, type: 3}
      propertyPath: m_Name
      value: Floor_blue_energy (1)
      objectReference: {fileID: 0}
    - target: {fileID: 5361966523357661650, guid: 05abadbfe964eef4094af74f6de84d45, type: 3}
      propertyPath: m_RootOrder
      value: 10
      objectReference: {fileID: 0}
    - target: {fileID: 5361966523357661650, guid: 05abadbfe964eef4094af74f6de84d45, type: 3}
      propertyPath: m_LocalPosition.x
      value: 18.910301
      objectReference: {fileID: 0}
    - target: {fileID: 5361966523357661650, guid: 05abadbfe964eef4094af74f6de84d45, type: 3}
      propertyPath: m_LocalPosition.y
      value: -0.009231567
      objectReference: {fileID: 0}
    - target: {fileID: 5361966523357661650, guid: 05abadbfe964eef4094af74f6de84d45, type: 3}
      propertyPath: m_LocalPosition.z
      value: 57.52112
      objectReference: {fileID: 0}
    - target: {fileID: 5361966523357661650, guid: 05abadbfe964eef4094af74f6de84d45, type: 3}
      propertyPath: m_LocalRotation.w
      value: 1
      objectReference: {fileID: 0}
    - target: {fileID: 5361966523357661650, guid: 05abadbfe964eef4094af74f6de84d45, type: 3}
      propertyPath: m_LocalRotation.x
      value: -0
      objectReference: {fileID: 0}
    - target: {fileID: 5361966523357661650, guid: 05abadbfe964eef4094af74f6de84d45, type: 3}
      propertyPath: m_LocalRotation.y
      value: -0
      objectReference: {fileID: 0}
    - target: {fileID: 5361966523357661650, guid: 05abadbfe964eef4094af74f6de84d45, type: 3}
      propertyPath: m_LocalRotation.z
      value: -0
      objectReference: {fileID: 0}
    - target: {fileID: 5361966523357661650, guid: 05abadbfe964eef4094af74f6de84d45, type: 3}
      propertyPath: m_LocalEulerAnglesHint.x
      value: 0
      objectReference: {fileID: 0}
    - target: {fileID: 5361966523357661650, guid: 05abadbfe964eef4094af74f6de84d45, type: 3}
      propertyPath: m_LocalEulerAnglesHint.y
      value: 0
      objectReference: {fileID: 0}
    - target: {fileID: 5361966523357661650, guid: 05abadbfe964eef4094af74f6de84d45, type: 3}
      propertyPath: m_LocalEulerAnglesHint.z
      value: 0
      objectReference: {fileID: 0}
    m_RemovedComponents: []
  m_SourcePrefab: {fileID: 100100000, guid: 05abadbfe964eef4094af74f6de84d45, type: 3}
--- !u!4 &4992236697102214598 stripped
Transform:
  m_CorrespondingSourceObject: {fileID: 5361966523357661650, guid: 05abadbfe964eef4094af74f6de84d45, type: 3}
  m_PrefabInstance: {fileID: 1093940366240345108}
  m_PrefabAsset: {fileID: 0}
--- !u!1001 &1093940366593171082
PrefabInstance:
  m_ObjectHideFlags: 0
  serializedVersion: 2
  m_Modification:
    m_TransformParent: {fileID: 1093940366738466067}
    m_Modifications:
    - target: {fileID: 6919480436864899884, guid: 1c884068d9aab724b8034a34325df6ce, type: 3}
      propertyPath: m_Name
      value: Room_side_blue_energy-0 (1)
      objectReference: {fileID: 0}
    - target: {fileID: 7731904748561400214, guid: 1c884068d9aab724b8034a34325df6ce, type: 3}
      propertyPath: m_RootOrder
      value: 8
      objectReference: {fileID: 0}
    - target: {fileID: 7731904748561400214, guid: 1c884068d9aab724b8034a34325df6ce, type: 3}
      propertyPath: m_LocalPosition.x
      value: 31.710289
      objectReference: {fileID: 0}
    - target: {fileID: 7731904748561400214, guid: 1c884068d9aab724b8034a34325df6ce, type: 3}
      propertyPath: m_LocalPosition.y
      value: -0.009231567
      objectReference: {fileID: 0}
    - target: {fileID: 7731904748561400214, guid: 1c884068d9aab724b8034a34325df6ce, type: 3}
      propertyPath: m_LocalPosition.z
      value: 57.559692
      objectReference: {fileID: 0}
    - target: {fileID: 7731904748561400214, guid: 1c884068d9aab724b8034a34325df6ce, type: 3}
      propertyPath: m_LocalRotation.w
      value: 0
      objectReference: {fileID: 0}
    - target: {fileID: 7731904748561400214, guid: 1c884068d9aab724b8034a34325df6ce, type: 3}
      propertyPath: m_LocalRotation.x
      value: -0
      objectReference: {fileID: 0}
    - target: {fileID: 7731904748561400214, guid: 1c884068d9aab724b8034a34325df6ce, type: 3}
      propertyPath: m_LocalRotation.y
      value: 1
      objectReference: {fileID: 0}
    - target: {fileID: 7731904748561400214, guid: 1c884068d9aab724b8034a34325df6ce, type: 3}
      propertyPath: m_LocalRotation.z
      value: -0
      objectReference: {fileID: 0}
    - target: {fileID: 7731904748561400214, guid: 1c884068d9aab724b8034a34325df6ce, type: 3}
      propertyPath: m_LocalEulerAnglesHint.x
      value: 0
      objectReference: {fileID: 0}
    - target: {fileID: 7731904748561400214, guid: 1c884068d9aab724b8034a34325df6ce, type: 3}
      propertyPath: m_LocalEulerAnglesHint.y
      value: 180
      objectReference: {fileID: 0}
    - target: {fileID: 7731904748561400214, guid: 1c884068d9aab724b8034a34325df6ce, type: 3}
      propertyPath: m_LocalEulerAnglesHint.z
      value: 0
      objectReference: {fileID: 0}
    m_RemovedComponents: []
  m_SourcePrefab: {fileID: 100100000, guid: 1c884068d9aab724b8034a34325df6ce, type: 3}
--- !u!4 &7233707412767088412 stripped
Transform:
  m_CorrespondingSourceObject: {fileID: 7731904748561400214, guid: 1c884068d9aab724b8034a34325df6ce, type: 3}
  m_PrefabInstance: {fileID: 1093940366593171082}
  m_PrefabAsset: {fileID: 0}
--- !u!1001 &1093940366641574937
PrefabInstance:
  m_ObjectHideFlags: 0
  serializedVersion: 2
  m_Modification:
    m_TransformParent: {fileID: 1093940366738466067}
    m_Modifications:
    - target: {fileID: 2435265805226973134, guid: 34e326f74f8844d4584b9d344782d87a, type: 3}
      propertyPath: m_Name
      value: Room_Corner_blue_energy-0 (3)
      objectReference: {fileID: 0}
    - target: {fileID: 3062480682510306676, guid: 34e326f74f8844d4584b9d344782d87a, type: 3}
      propertyPath: m_RootOrder
      value: 9
      objectReference: {fileID: 0}
    - target: {fileID: 3062480682510306676, guid: 34e326f74f8844d4584b9d344782d87a, type: 3}
      propertyPath: m_LocalPosition.x
      value: 6.1102524
      objectReference: {fileID: 0}
    - target: {fileID: 3062480682510306676, guid: 34e326f74f8844d4584b9d344782d87a, type: 3}
      propertyPath: m_LocalPosition.y
      value: -0.009231567
      objectReference: {fileID: 0}
    - target: {fileID: 3062480682510306676, guid: 34e326f74f8844d4584b9d344782d87a, type: 3}
      propertyPath: m_LocalPosition.z
      value: 44.759644
      objectReference: {fileID: 0}
    - target: {fileID: 3062480682510306676, guid: 34e326f74f8844d4584b9d344782d87a, type: 3}
      propertyPath: m_LocalRotation.w
      value: 0.7071068
      objectReference: {fileID: 0}
    - target: {fileID: 3062480682510306676, guid: 34e326f74f8844d4584b9d344782d87a, type: 3}
      propertyPath: m_LocalRotation.x
      value: -0
      objectReference: {fileID: 0}
    - target: {fileID: 3062480682510306676, guid: 34e326f74f8844d4584b9d344782d87a, type: 3}
      propertyPath: m_LocalRotation.y
      value: -0.7071068
      objectReference: {fileID: 0}
    - target: {fileID: 3062480682510306676, guid: 34e326f74f8844d4584b9d344782d87a, type: 3}
      propertyPath: m_LocalRotation.z
      value: -0
      objectReference: {fileID: 0}
    - target: {fileID: 3062480682510306676, guid: 34e326f74f8844d4584b9d344782d87a, type: 3}
      propertyPath: m_LocalEulerAnglesHint.x
      value: 0
      objectReference: {fileID: 0}
    - target: {fileID: 3062480682510306676, guid: 34e326f74f8844d4584b9d344782d87a, type: 3}
      propertyPath: m_LocalEulerAnglesHint.y
      value: -90
      objectReference: {fileID: 0}
    - target: {fileID: 3062480682510306676, guid: 34e326f74f8844d4584b9d344782d87a, type: 3}
      propertyPath: m_LocalEulerAnglesHint.z
      value: 0
      objectReference: {fileID: 0}
    m_RemovedComponents: []
  m_SourcePrefab: {fileID: 100100000, guid: 34e326f74f8844d4584b9d344782d87a, type: 3}
--- !u!4 &2715223090507577709 stripped
Transform:
  m_CorrespondingSourceObject: {fileID: 3062480682510306676, guid: 34e326f74f8844d4584b9d344782d87a, type: 3}
  m_PrefabInstance: {fileID: 1093940366641574937}
  m_PrefabAsset: {fileID: 0}
--- !u!1001 &1093940366642930789
PrefabInstance:
  m_ObjectHideFlags: 0
  serializedVersion: 2
  m_Modification:
    m_TransformParent: {fileID: 1093940366738466067}
    m_Modifications:
    - target: {fileID: 8533396956503082082, guid: 4ffb3e0147c4cb74fb84d5ac1699e116, type: 3}
      propertyPath: m_RootOrder
      value: 16
      objectReference: {fileID: 0}
    - target: {fileID: 8533396956503082082, guid: 4ffb3e0147c4cb74fb84d5ac1699e116, type: 3}
      propertyPath: m_LocalPosition.x
      value: 18.957909
      objectReference: {fileID: 0}
    - target: {fileID: 8533396956503082082, guid: 4ffb3e0147c4cb74fb84d5ac1699e116, type: 3}
      propertyPath: m_LocalPosition.y
      value: 12.790695
      objectReference: {fileID: 0}
    - target: {fileID: 8533396956503082082, guid: 4ffb3e0147c4cb74fb84d5ac1699e116, type: 3}
      propertyPath: m_LocalPosition.z
      value: 31.98462
      objectReference: {fileID: 0}
    - target: {fileID: 8533396956503082082, guid: 4ffb3e0147c4cb74fb84d5ac1699e116, type: 3}
      propertyPath: m_LocalRotation.w
      value: 1
      objectReference: {fileID: 0}
    - target: {fileID: 8533396956503082082, guid: 4ffb3e0147c4cb74fb84d5ac1699e116, type: 3}
      propertyPath: m_LocalRotation.x
      value: 0.000000081460335
      objectReference: {fileID: 0}
    - target: {fileID: 8533396956503082082, guid: 4ffb3e0147c4cb74fb84d5ac1699e116, type: 3}
      propertyPath: m_LocalRotation.y
      value: -0
      objectReference: {fileID: 0}
    - target: {fileID: 8533396956503082082, guid: 4ffb3e0147c4cb74fb84d5ac1699e116, type: 3}
      propertyPath: m_LocalRotation.z
      value: -0
      objectReference: {fileID: 0}
    - target: {fileID: 8533396956503082082, guid: 4ffb3e0147c4cb74fb84d5ac1699e116, type: 3}
      propertyPath: m_LocalEulerAnglesHint.x
      value: 0
      objectReference: {fileID: 0}
    - target: {fileID: 8533396956503082082, guid: 4ffb3e0147c4cb74fb84d5ac1699e116, type: 3}
      propertyPath: m_LocalEulerAnglesHint.y
      value: 0
      objectReference: {fileID: 0}
    - target: {fileID: 8533396956503082082, guid: 4ffb3e0147c4cb74fb84d5ac1699e116, type: 3}
      propertyPath: m_LocalEulerAnglesHint.z
      value: 0
      objectReference: {fileID: 0}
    - target: {fileID: 9018291117127655128, guid: 4ffb3e0147c4cb74fb84d5ac1699e116, type: 3}
      propertyPath: m_Name
      value: room_ceiling_blue (3)
      objectReference: {fileID: 0}
    m_RemovedComponents: []
  m_SourcePrefab: {fileID: 100100000, guid: 4ffb3e0147c4cb74fb84d5ac1699e116, type: 3}
--- !u!4 &8737761345873797127 stripped
Transform:
  m_CorrespondingSourceObject: {fileID: 8533396956503082082, guid: 4ffb3e0147c4cb74fb84d5ac1699e116, type: 3}
  m_PrefabInstance: {fileID: 1093940366642930789}
  m_PrefabAsset: {fileID: 0}
--- !u!1001 &1093940366790560181
PrefabInstance:
  m_ObjectHideFlags: 0
  serializedVersion: 2
  m_Modification:
    m_TransformParent: {fileID: 1093940366738466067}
    m_Modifications:
    - target: {fileID: 5892642073061019224, guid: c08206de7fbd83941a4164d6d104de68, type: 3}
      propertyPath: m_RootOrder
      value: 5
      objectReference: {fileID: 0}
    - target: {fileID: 5892642073061019224, guid: c08206de7fbd83941a4164d6d104de68, type: 3}
      propertyPath: m_LocalPosition.x
      value: 19.010277
      objectReference: {fileID: 0}
    - target: {fileID: 5892642073061019224, guid: c08206de7fbd83941a4164d6d104de68, type: 3}
      propertyPath: m_LocalPosition.y
      value: -0.009231567
      objectReference: {fileID: 0}
    - target: {fileID: 5892642073061019224, guid: c08206de7fbd83941a4164d6d104de68, type: 3}
      propertyPath: m_LocalPosition.z
      value: 31.959595
      objectReference: {fileID: 0}
    - target: {fileID: 5892642073061019224, guid: c08206de7fbd83941a4164d6d104de68, type: 3}
      propertyPath: m_LocalRotation.w
      value: 1
      objectReference: {fileID: 0}
    - target: {fileID: 5892642073061019224, guid: c08206de7fbd83941a4164d6d104de68, type: 3}
      propertyPath: m_LocalRotation.x
      value: -0
      objectReference: {fileID: 0}
    - target: {fileID: 5892642073061019224, guid: c08206de7fbd83941a4164d6d104de68, type: 3}
      propertyPath: m_LocalRotation.y
      value: -0
      objectReference: {fileID: 0}
    - target: {fileID: 5892642073061019224, guid: c08206de7fbd83941a4164d6d104de68, type: 3}
      propertyPath: m_LocalRotation.z
      value: -0
      objectReference: {fileID: 0}
    - target: {fileID: 5892642073061019224, guid: c08206de7fbd83941a4164d6d104de68, type: 3}
      propertyPath: m_LocalEulerAnglesHint.x
      value: 0
      objectReference: {fileID: 0}
    - target: {fileID: 5892642073061019224, guid: c08206de7fbd83941a4164d6d104de68, type: 3}
      propertyPath: m_LocalEulerAnglesHint.y
      value: 0
      objectReference: {fileID: 0}
    - target: {fileID: 5892642073061019224, guid: c08206de7fbd83941a4164d6d104de68, type: 3}
      propertyPath: m_LocalEulerAnglesHint.z
      value: 0
      objectReference: {fileID: 0}
    - target: {fileID: 6524886906338186466, guid: c08206de7fbd83941a4164d6d104de68, type: 3}
      propertyPath: m_Name
      value: Corridor_blue_energy-0-Room_Asset (1)
      objectReference: {fileID: 0}
    m_RemovedComponents: []
  m_SourcePrefab: {fileID: 100100000, guid: c08206de7fbd83941a4164d6d104de68, type: 3}
--- !u!4 &6838903264827787245 stripped
Transform:
  m_CorrespondingSourceObject: {fileID: 5892642073061019224, guid: c08206de7fbd83941a4164d6d104de68, type: 3}
  m_PrefabInstance: {fileID: 1093940366790560181}
  m_PrefabAsset: {fileID: 0}
--- !u!1001 &1093940366815432402
PrefabInstance:
  m_ObjectHideFlags: 0
  serializedVersion: 2
  m_Modification:
    m_TransformParent: {fileID: 1093940366738466067}
    m_Modifications:
    - target: {fileID: 8533396956503082082, guid: 4ffb3e0147c4cb74fb84d5ac1699e116, type: 3}
      propertyPath: m_RootOrder
      value: 15
      objectReference: {fileID: 0}
    - target: {fileID: 8533396956503082082, guid: 4ffb3e0147c4cb74fb84d5ac1699e116, type: 3}
      propertyPath: m_LocalPosition.x
      value: 18.957909
      objectReference: {fileID: 0}
    - target: {fileID: 8533396956503082082, guid: 4ffb3e0147c4cb74fb84d5ac1699e116, type: 3}
      propertyPath: m_LocalPosition.y
      value: 12.790695
      objectReference: {fileID: 0}
    - target: {fileID: 8533396956503082082, guid: 4ffb3e0147c4cb74fb84d5ac1699e116, type: 3}
      propertyPath: m_LocalPosition.z
      value: 19.159546
      objectReference: {fileID: 0}
    - target: {fileID: 8533396956503082082, guid: 4ffb3e0147c4cb74fb84d5ac1699e116, type: 3}
      propertyPath: m_LocalRotation.w
      value: 1
      objectReference: {fileID: 0}
    - target: {fileID: 8533396956503082082, guid: 4ffb3e0147c4cb74fb84d5ac1699e116, type: 3}
      propertyPath: m_LocalRotation.x
      value: 0.000000081460335
      objectReference: {fileID: 0}
    - target: {fileID: 8533396956503082082, guid: 4ffb3e0147c4cb74fb84d5ac1699e116, type: 3}
      propertyPath: m_LocalRotation.y
      value: -0
      objectReference: {fileID: 0}
    - target: {fileID: 8533396956503082082, guid: 4ffb3e0147c4cb74fb84d5ac1699e116, type: 3}
      propertyPath: m_LocalRotation.z
      value: -0
      objectReference: {fileID: 0}
    - target: {fileID: 8533396956503082082, guid: 4ffb3e0147c4cb74fb84d5ac1699e116, type: 3}
      propertyPath: m_LocalEulerAnglesHint.x
      value: 0
      objectReference: {fileID: 0}
    - target: {fileID: 8533396956503082082, guid: 4ffb3e0147c4cb74fb84d5ac1699e116, type: 3}
      propertyPath: m_LocalEulerAnglesHint.y
      value: 0
      objectReference: {fileID: 0}
    - target: {fileID: 8533396956503082082, guid: 4ffb3e0147c4cb74fb84d5ac1699e116, type: 3}
      propertyPath: m_LocalEulerAnglesHint.z
      value: 0
      objectReference: {fileID: 0}
    - target: {fileID: 9018291117127655128, guid: 4ffb3e0147c4cb74fb84d5ac1699e116, type: 3}
      propertyPath: m_Name
      value: room_ceiling_blue (2)
      objectReference: {fileID: 0}
    m_RemovedComponents: []
  m_SourcePrefab: {fileID: 100100000, guid: 4ffb3e0147c4cb74fb84d5ac1699e116, type: 3}
--- !u!4 &8737761346239236784 stripped
Transform:
  m_CorrespondingSourceObject: {fileID: 8533396956503082082, guid: 4ffb3e0147c4cb74fb84d5ac1699e116, type: 3}
  m_PrefabInstance: {fileID: 1093940366815432402}
  m_PrefabAsset: {fileID: 0}
--- !u!1001 &1093940366925330522
PrefabInstance:
  m_ObjectHideFlags: 0
  serializedVersion: 2
  m_Modification:
    m_TransformParent: {fileID: 1093940366738466067}
    m_Modifications:
    - target: {fileID: 6959047797664640872, guid: 06793eeb0cea7bc46976b86927fe84e8, type: 3}
      propertyPath: m_RootOrder
      value: 25
      objectReference: {fileID: 0}
    - target: {fileID: 6959047797664640872, guid: 06793eeb0cea7bc46976b86927fe84e8, type: 3}
      propertyPath: m_LocalPosition.x
      value: 19.010277
      objectReference: {fileID: 0}
    - target: {fileID: 6959047797664640872, guid: 06793eeb0cea7bc46976b86927fe84e8, type: 3}
      propertyPath: m_LocalPosition.y
      value: 0.09074402
      objectReference: {fileID: 0}
    - target: {fileID: 6959047797664640872, guid: 06793eeb0cea7bc46976b86927fe84e8, type: 3}
      propertyPath: m_LocalPosition.z
      value: 90.059814
      objectReference: {fileID: 0}
    - target: {fileID: 6959047797664640872, guid: 06793eeb0cea7bc46976b86927fe84e8, type: 3}
      propertyPath: m_LocalRotation.w
      value: 0.7071068
      objectReference: {fileID: 0}
    - target: {fileID: 6959047797664640872, guid: 06793eeb0cea7bc46976b86927fe84e8, type: 3}
      propertyPath: m_LocalRotation.x
      value: -0
      objectReference: {fileID: 0}
    - target: {fileID: 6959047797664640872, guid: 06793eeb0cea7bc46976b86927fe84e8, type: 3}
      propertyPath: m_LocalRotation.y
      value: 0.7071068
      objectReference: {fileID: 0}
    - target: {fileID: 6959047797664640872, guid: 06793eeb0cea7bc46976b86927fe84e8, type: 3}
      propertyPath: m_LocalRotation.z
      value: -0
      objectReference: {fileID: 0}
    - target: {fileID: 6959047797664640872, guid: 06793eeb0cea7bc46976b86927fe84e8, type: 3}
      propertyPath: m_LocalEulerAnglesHint.x
      value: 0
      objectReference: {fileID: 0}
    - target: {fileID: 6959047797664640872, guid: 06793eeb0cea7bc46976b86927fe84e8, type: 3}
      propertyPath: m_LocalEulerAnglesHint.y
      value: 90
      objectReference: {fileID: 0}
    - target: {fileID: 6959047797664640872, guid: 06793eeb0cea7bc46976b86927fe84e8, type: 3}
      propertyPath: m_LocalEulerAnglesHint.z
      value: 0
      objectReference: {fileID: 0}
    - target: {fileID: 7771050996611134930, guid: 06793eeb0cea7bc46976b86927fe84e8, type: 3}
      propertyPath: m_Name
      value: Invisible_Wall (6)
      objectReference: {fileID: 0}
    m_RemovedComponents: []
  m_SourcePrefab: {fileID: 100100000, guid: 06793eeb0cea7bc46976b86927fe84e8, type: 3}
--- !u!4 &8051862112211343154 stripped
Transform:
  m_CorrespondingSourceObject: {fileID: 6959047797664640872, guid: 06793eeb0cea7bc46976b86927fe84e8, type: 3}
  m_PrefabInstance: {fileID: 1093940366925330522}
  m_PrefabAsset: {fileID: 0}
--- !u!1001 &1093940366934698221
PrefabInstance:
  m_ObjectHideFlags: 0
  serializedVersion: 2
  m_Modification:
    m_TransformParent: {fileID: 1093940366738466067}
    m_Modifications:
    - target: {fileID: 4478467735818596631, guid: 165aaf0881770c3478176123634c9459, type: 3}
      propertyPath: m_Name
      value: Mysterious_Portal
      objectReference: {fileID: 0}
    - target: {fileID: 7869484455841693121, guid: 165aaf0881770c3478176123634c9459, type: 3}
      propertyPath: m_RootOrder
      value: 18
      objectReference: {fileID: 0}
    - target: {fileID: 7869484455841693121, guid: 165aaf0881770c3478176123634c9459, type: 3}
      propertyPath: m_LocalScale.x
      value: 1.8725067
      objectReference: {fileID: 0}
    - target: {fileID: 7869484455841693121, guid: 165aaf0881770c3478176123634c9459, type: 3}
      propertyPath: m_LocalScale.y
      value: 1.8725067
      objectReference: {fileID: 0}
    - target: {fileID: 7869484455841693121, guid: 165aaf0881770c3478176123634c9459, type: 3}
      propertyPath: m_LocalScale.z
      value: 1.8725067
      objectReference: {fileID: 0}
    - target: {fileID: 7869484455841693121, guid: 165aaf0881770c3478176123634c9459, type: 3}
      propertyPath: m_LocalPosition.x
      value: 19.169273
      objectReference: {fileID: 0}
    - target: {fileID: 7869484455841693121, guid: 165aaf0881770c3478176123634c9459, type: 3}
      propertyPath: m_LocalPosition.y
      value: 0.701828
      objectReference: {fileID: 0}
    - target: {fileID: 7869484455841693121, guid: 165aaf0881770c3478176123634c9459, type: 3}
      propertyPath: m_LocalPosition.z
      value: 90.58887
      objectReference: {fileID: 0}
    - target: {fileID: 7869484455841693121, guid: 165aaf0881770c3478176123634c9459, type: 3}
      propertyPath: m_LocalRotation.w
      value: 1
      objectReference: {fileID: 0}
    - target: {fileID: 7869484455841693121, guid: 165aaf0881770c3478176123634c9459, type: 3}
      propertyPath: m_LocalRotation.x
      value: -0
      objectReference: {fileID: 0}
    - target: {fileID: 7869484455841693121, guid: 165aaf0881770c3478176123634c9459, type: 3}
      propertyPath: m_LocalRotation.y
      value: -0
      objectReference: {fileID: 0}
    - target: {fileID: 7869484455841693121, guid: 165aaf0881770c3478176123634c9459, type: 3}
      propertyPath: m_LocalRotation.z
      value: -0
      objectReference: {fileID: 0}
    - target: {fileID: 7869484455841693121, guid: 165aaf0881770c3478176123634c9459, type: 3}
      propertyPath: m_LocalEulerAnglesHint.x
      value: 0
      objectReference: {fileID: 0}
    - target: {fileID: 7869484455841693121, guid: 165aaf0881770c3478176123634c9459, type: 3}
      propertyPath: m_LocalEulerAnglesHint.y
      value: 0
      objectReference: {fileID: 0}
    - target: {fileID: 7869484455841693121, guid: 165aaf0881770c3478176123634c9459, type: 3}
      propertyPath: m_LocalEulerAnglesHint.z
      value: 0
      objectReference: {fileID: 0}
    m_RemovedComponents: []
  m_SourcePrefab: {fileID: 100100000, guid: 165aaf0881770c3478176123634c9459, type: 3}
--- !u!1 &3533287600600750586 stripped
GameObject:
  m_CorrespondingSourceObject: {fileID: 4478467735818596631, guid: 165aaf0881770c3478176123634c9459, type: 3}
  m_PrefabInstance: {fileID: 1093940366934698221}
  m_PrefabAsset: {fileID: 0}
--- !u!65 &1093940367101646029
BoxCollider:
  m_ObjectHideFlags: 0
  m_CorrespondingSourceObject: {fileID: 0}
  m_PrefabInstance: {fileID: 0}
  m_PrefabAsset: {fileID: 0}
  m_GameObject: {fileID: 3533287600600750586}
  m_Material: {fileID: 0}
  m_IsTrigger: 1
  m_Enabled: 1
  serializedVersion: 2
  m_Size: {x: 5, y: 5, z: 4}
  m_Center: {x: 0, y: 3, z: -3}
--- !u!114 &1093940367101646066
MonoBehaviour:
  m_ObjectHideFlags: 0
  m_CorrespondingSourceObject: {fileID: 0}
  m_PrefabInstance: {fileID: 0}
  m_PrefabAsset: {fileID: 0}
  m_GameObject: {fileID: 3533287600600750586}
  m_Enabled: 1
  m_EditorHideFlags: 0
  m_Script: {fileID: 11500000, guid: 1cf0cd90e69fcbe4584ef4855505483a, type: 3}
  m_Name: 
  m_EditorClassIdentifier: 
--- !u!4 &7068525633046615340 stripped
Transform:
  m_CorrespondingSourceObject: {fileID: 7869484455841693121, guid: 165aaf0881770c3478176123634c9459, type: 3}
  m_PrefabInstance: {fileID: 1093940366934698221}
  m_PrefabAsset: {fileID: 0}
--- !u!1001 &1093940366956562401
PrefabInstance:
  m_ObjectHideFlags: 0
  serializedVersion: 2
  m_Modification:
    m_TransformParent: {fileID: 1093940366738466067}
    m_Modifications:
    - target: {fileID: 6959047797664640872, guid: 06793eeb0cea7bc46976b86927fe84e8, type: 3}
      propertyPath: m_RootOrder
      value: 22
      objectReference: {fileID: 0}
    - target: {fileID: 6959047797664640872, guid: 06793eeb0cea7bc46976b86927fe84e8, type: 3}
      propertyPath: m_LocalPosition.x
      value: 12.085289
      objectReference: {fileID: 0}
    - target: {fileID: 6959047797664640872, guid: 06793eeb0cea7bc46976b86927fe84e8, type: 3}
      propertyPath: m_LocalPosition.y
      value: 0.09074402
      objectReference: {fileID: 0}
    - target: {fileID: 6959047797664640872, guid: 06793eeb0cea7bc46976b86927fe84e8, type: 3}
      propertyPath: m_LocalPosition.z
      value: 83.45972
      objectReference: {fileID: 0}
    - target: {fileID: 6959047797664640872, guid: 06793eeb0cea7bc46976b86927fe84e8, type: 3}
      propertyPath: m_LocalRotation.w
      value: 1
      objectReference: {fileID: 0}
    - target: {fileID: 6959047797664640872, guid: 06793eeb0cea7bc46976b86927fe84e8, type: 3}
      propertyPath: m_LocalRotation.x
      value: -0
      objectReference: {fileID: 0}
    - target: {fileID: 6959047797664640872, guid: 06793eeb0cea7bc46976b86927fe84e8, type: 3}
      propertyPath: m_LocalRotation.y
      value: -0
      objectReference: {fileID: 0}
    - target: {fileID: 6959047797664640872, guid: 06793eeb0cea7bc46976b86927fe84e8, type: 3}
      propertyPath: m_LocalRotation.z
      value: -0
      objectReference: {fileID: 0}
    - target: {fileID: 6959047797664640872, guid: 06793eeb0cea7bc46976b86927fe84e8, type: 3}
      propertyPath: m_LocalEulerAnglesHint.x
      value: 0
      objectReference: {fileID: 0}
    - target: {fileID: 6959047797664640872, guid: 06793eeb0cea7bc46976b86927fe84e8, type: 3}
      propertyPath: m_LocalEulerAnglesHint.y
      value: 0
      objectReference: {fileID: 0}
    - target: {fileID: 6959047797664640872, guid: 06793eeb0cea7bc46976b86927fe84e8, type: 3}
      propertyPath: m_LocalEulerAnglesHint.z
      value: 0
      objectReference: {fileID: 0}
    - target: {fileID: 7771050996611134930, guid: 06793eeb0cea7bc46976b86927fe84e8, type: 3}
      propertyPath: m_Name
      value: Invisible_Wall (3)
      objectReference: {fileID: 0}
    m_RemovedComponents: []
  m_SourcePrefab: {fileID: 100100000, guid: 06793eeb0cea7bc46976b86927fe84e8, type: 3}
--- !u!4 &8051862112217852041 stripped
Transform:
  m_CorrespondingSourceObject: {fileID: 6959047797664640872, guid: 06793eeb0cea7bc46976b86927fe84e8, type: 3}
  m_PrefabInstance: {fileID: 1093940366956562401}
  m_PrefabAsset: {fileID: 0}
--- !u!1001 &1093940366984585126
PrefabInstance:
  m_ObjectHideFlags: 0
  serializedVersion: 2
  m_Modification:
    m_TransformParent: {fileID: 1093940366738466067}
    m_Modifications:
    - target: {fileID: 6959047797664640872, guid: 06793eeb0cea7bc46976b86927fe84e8, type: 3}
      propertyPath: m_RootOrder
      value: 20
      objectReference: {fileID: 0}
    - target: {fileID: 6959047797664640872, guid: 06793eeb0cea7bc46976b86927fe84e8, type: 3}
      propertyPath: m_LocalPosition.x
      value: 31.680199
      objectReference: {fileID: 0}
    - target: {fileID: 6959047797664640872, guid: 06793eeb0cea7bc46976b86927fe84e8, type: 3}
      propertyPath: m_LocalPosition.y
      value: -0.009231567
      objectReference: {fileID: 0}
    - target: {fileID: 6959047797664640872, guid: 06793eeb0cea7bc46976b86927fe84e8, type: 3}
      propertyPath: m_LocalPosition.z
      value: 64.05969
      objectReference: {fileID: 0}
    - target: {fileID: 6959047797664640872, guid: 06793eeb0cea7bc46976b86927fe84e8, type: 3}
      propertyPath: m_LocalRotation.w
      value: 0.7071068
      objectReference: {fileID: 0}
    - target: {fileID: 6959047797664640872, guid: 06793eeb0cea7bc46976b86927fe84e8, type: 3}
      propertyPath: m_LocalRotation.x
      value: -0
      objectReference: {fileID: 0}
    - target: {fileID: 6959047797664640872, guid: 06793eeb0cea7bc46976b86927fe84e8, type: 3}
      propertyPath: m_LocalRotation.y
      value: 0.7071068
      objectReference: {fileID: 0}
    - target: {fileID: 6959047797664640872, guid: 06793eeb0cea7bc46976b86927fe84e8, type: 3}
      propertyPath: m_LocalRotation.z
      value: -0
      objectReference: {fileID: 0}
    - target: {fileID: 6959047797664640872, guid: 06793eeb0cea7bc46976b86927fe84e8, type: 3}
      propertyPath: m_LocalEulerAnglesHint.x
      value: 0
      objectReference: {fileID: 0}
    - target: {fileID: 6959047797664640872, guid: 06793eeb0cea7bc46976b86927fe84e8, type: 3}
      propertyPath: m_LocalEulerAnglesHint.y
      value: 90
      objectReference: {fileID: 0}
    - target: {fileID: 6959047797664640872, guid: 06793eeb0cea7bc46976b86927fe84e8, type: 3}
      propertyPath: m_LocalEulerAnglesHint.z
      value: 0
      objectReference: {fileID: 0}
    - target: {fileID: 7771050996611134930, guid: 06793eeb0cea7bc46976b86927fe84e8, type: 3}
      propertyPath: m_Name
      value: Invisible_Wall (1)
      objectReference: {fileID: 0}
    m_RemovedComponents: []
  m_SourcePrefab: {fileID: 100100000, guid: 06793eeb0cea7bc46976b86927fe84e8, type: 3}
--- !u!4 &8051862112186691790 stripped
Transform:
  m_CorrespondingSourceObject: {fileID: 6959047797664640872, guid: 06793eeb0cea7bc46976b86927fe84e8, type: 3}
  m_PrefabInstance: {fileID: 1093940366984585126}
  m_PrefabAsset: {fileID: 0}
--- !u!1001 &1093940367094414064
PrefabInstance:
  m_ObjectHideFlags: 0
  serializedVersion: 2
  m_Modification:
    m_TransformParent: {fileID: 1093940366738466067}
    m_Modifications:
    - target: {fileID: 5798093062229811921, guid: a61eee9667298df48857dbe437aa2fd6, type: 3}
      propertyPath: m_Name
      value: Wall_Door_Passage (1)
      objectReference: {fileID: 0}
    - target: {fileID: 6574453118462670955, guid: a61eee9667298df48857dbe437aa2fd6, type: 3}
      propertyPath: m_RootOrder
      value: 0
      objectReference: {fileID: 0}
    - target: {fileID: 6574453118462670955, guid: a61eee9667298df48857dbe437aa2fd6, type: 3}
      propertyPath: m_LocalPosition.x
      value: 18.910301
      objectReference: {fileID: 0}
    - target: {fileID: 6574453118462670955, guid: a61eee9667298df48857dbe437aa2fd6, type: 3}
      propertyPath: m_LocalPosition.y
      value: -0.009231567
      objectReference: {fileID: 0}
    - target: {fileID: 6574453118462670955, guid: a61eee9667298df48857dbe437aa2fd6, type: 3}
      propertyPath: m_LocalPosition.z
      value: 38.759644
      objectReference: {fileID: 0}
    - target: {fileID: 6574453118462670955, guid: a61eee9667298df48857dbe437aa2fd6, type: 3}
      propertyPath: m_LocalRotation.w
      value: 1
      objectReference: {fileID: 0}
    - target: {fileID: 6574453118462670955, guid: a61eee9667298df48857dbe437aa2fd6, type: 3}
      propertyPath: m_LocalRotation.x
      value: -0
      objectReference: {fileID: 0}
    - target: {fileID: 6574453118462670955, guid: a61eee9667298df48857dbe437aa2fd6, type: 3}
      propertyPath: m_LocalRotation.y
      value: -0
      objectReference: {fileID: 0}
    - target: {fileID: 6574453118462670955, guid: a61eee9667298df48857dbe437aa2fd6, type: 3}
      propertyPath: m_LocalRotation.z
      value: -0
      objectReference: {fileID: 0}
    - target: {fileID: 6574453118462670955, guid: a61eee9667298df48857dbe437aa2fd6, type: 3}
      propertyPath: m_LocalEulerAnglesHint.x
      value: 0
      objectReference: {fileID: 0}
    - target: {fileID: 6574453118462670955, guid: a61eee9667298df48857dbe437aa2fd6, type: 3}
      propertyPath: m_LocalEulerAnglesHint.y
      value: 0
      objectReference: {fileID: 0}
    - target: {fileID: 6574453118462670955, guid: a61eee9667298df48857dbe437aa2fd6, type: 3}
      propertyPath: m_LocalEulerAnglesHint.z
      value: 0
      objectReference: {fileID: 0}
    m_RemovedComponents: []
  m_SourcePrefab: {fileID: 100100000, guid: a61eee9667298df48857dbe437aa2fd6, type: 3}
--- !u!4 &6058276843712299675 stripped
Transform:
  m_CorrespondingSourceObject: {fileID: 6574453118462670955, guid: a61eee9667298df48857dbe437aa2fd6, type: 3}
  m_PrefabInstance: {fileID: 1093940367094414064}
  m_PrefabAsset: {fileID: 0}
--- !u!1001 &1093940367147962282
PrefabInstance:
  m_ObjectHideFlags: 0
  serializedVersion: 2
  m_Modification:
    m_TransformParent: {fileID: 1093940366738466067}
    m_Modifications:
    - target: {fileID: 2435265805226973134, guid: 34e326f74f8844d4584b9d344782d87a, type: 3}
      propertyPath: m_Name
      value: Room_Corner_blue_energy-0 (2)
      objectReference: {fileID: 0}
    - target: {fileID: 3062480682510306676, guid: 34e326f74f8844d4584b9d344782d87a, type: 3}
      propertyPath: m_RootOrder
      value: 7
      objectReference: {fileID: 0}
    - target: {fileID: 3062480682510306676, guid: 34e326f74f8844d4584b9d344782d87a, type: 3}
      propertyPath: m_LocalPosition.x
      value: 31.710289
      objectReference: {fileID: 0}
    - target: {fileID: 3062480682510306676, guid: 34e326f74f8844d4584b9d344782d87a, type: 3}
      propertyPath: m_LocalPosition.y
      value: -0.009231567
      objectReference: {fileID: 0}
    - target: {fileID: 3062480682510306676, guid: 34e326f74f8844d4584b9d344782d87a, type: 3}
      propertyPath: m_LocalPosition.z
      value: 44.759644
      objectReference: {fileID: 0}
    - target: {fileID: 3062480682510306676, guid: 34e326f74f8844d4584b9d344782d87a, type: 3}
      propertyPath: m_LocalRotation.w
      value: 0
      objectReference: {fileID: 0}
    - target: {fileID: 3062480682510306676, guid: 34e326f74f8844d4584b9d344782d87a, type: 3}
      propertyPath: m_LocalRotation.x
      value: -0
      objectReference: {fileID: 0}
    - target: {fileID: 3062480682510306676, guid: 34e326f74f8844d4584b9d344782d87a, type: 3}
      propertyPath: m_LocalRotation.y
      value: 1
      objectReference: {fileID: 0}
    - target: {fileID: 3062480682510306676, guid: 34e326f74f8844d4584b9d344782d87a, type: 3}
      propertyPath: m_LocalRotation.z
      value: -0
      objectReference: {fileID: 0}
    - target: {fileID: 3062480682510306676, guid: 34e326f74f8844d4584b9d344782d87a, type: 3}
      propertyPath: m_LocalEulerAnglesHint.x
      value: 0
      objectReference: {fileID: 0}
    - target: {fileID: 3062480682510306676, guid: 34e326f74f8844d4584b9d344782d87a, type: 3}
      propertyPath: m_LocalEulerAnglesHint.y
      value: 180
      objectReference: {fileID: 0}
    - target: {fileID: 3062480682510306676, guid: 34e326f74f8844d4584b9d344782d87a, type: 3}
      propertyPath: m_LocalEulerAnglesHint.z
      value: 0
      objectReference: {fileID: 0}
    m_RemovedComponents: []
  m_SourcePrefab: {fileID: 100100000, guid: 34e326f74f8844d4584b9d344782d87a, type: 3}
--- !u!4 &2715223089940349662 stripped
Transform:
  m_CorrespondingSourceObject: {fileID: 3062480682510306676, guid: 34e326f74f8844d4584b9d344782d87a, type: 3}
  m_PrefabInstance: {fileID: 1093940367147962282}
  m_PrefabAsset: {fileID: 0}
--- !u!1001 &1093940367200398973
PrefabInstance:
  m_ObjectHideFlags: 0
  serializedVersion: 2
  m_Modification:
    m_TransformParent: {fileID: 1093940366738466067}
    m_Modifications:
    - target: {fileID: 4693411104841618280, guid: 05abadbfe964eef4094af74f6de84d45, type: 3}
      propertyPath: m_Name
      value: Floor_blue_energy (2)
      objectReference: {fileID: 0}
    - target: {fileID: 5361966523357661650, guid: 05abadbfe964eef4094af74f6de84d45, type: 3}
      propertyPath: m_RootOrder
      value: 11
      objectReference: {fileID: 0}
    - target: {fileID: 5361966523357661650, guid: 05abadbfe964eef4094af74f6de84d45, type: 3}
      propertyPath: m_LocalPosition.x
      value: 18.910301
      objectReference: {fileID: 0}
    - target: {fileID: 5361966523357661650, guid: 05abadbfe964eef4094af74f6de84d45, type: 3}
      propertyPath: m_LocalPosition.y
      value: -0.009231567
      objectReference: {fileID: 0}
    - target: {fileID: 5361966523357661650, guid: 05abadbfe964eef4094af74f6de84d45, type: 3}
      propertyPath: m_LocalPosition.z
      value: 70.32117
      objectReference: {fileID: 0}
    - target: {fileID: 5361966523357661650, guid: 05abadbfe964eef4094af74f6de84d45, type: 3}
      propertyPath: m_LocalRotation.w
      value: 0
      objectReference: {fileID: 0}
    - target: {fileID: 5361966523357661650, guid: 05abadbfe964eef4094af74f6de84d45, type: 3}
      propertyPath: m_LocalRotation.x
      value: -0
      objectReference: {fileID: 0}
    - target: {fileID: 5361966523357661650, guid: 05abadbfe964eef4094af74f6de84d45, type: 3}
      propertyPath: m_LocalRotation.y
      value: 1
      objectReference: {fileID: 0}
    - target: {fileID: 5361966523357661650, guid: 05abadbfe964eef4094af74f6de84d45, type: 3}
      propertyPath: m_LocalRotation.z
      value: -0
      objectReference: {fileID: 0}
    - target: {fileID: 5361966523357661650, guid: 05abadbfe964eef4094af74f6de84d45, type: 3}
      propertyPath: m_LocalEulerAnglesHint.x
      value: 0
      objectReference: {fileID: 0}
    - target: {fileID: 5361966523357661650, guid: 05abadbfe964eef4094af74f6de84d45, type: 3}
      propertyPath: m_LocalEulerAnglesHint.y
      value: 180
      objectReference: {fileID: 0}
    - target: {fileID: 5361966523357661650, guid: 05abadbfe964eef4094af74f6de84d45, type: 3}
      propertyPath: m_LocalEulerAnglesHint.z
      value: 0
      objectReference: {fileID: 0}
    m_RemovedComponents: []
  m_SourcePrefab: {fileID: 100100000, guid: 05abadbfe964eef4094af74f6de84d45, type: 3}
--- !u!4 &4992236695974160303 stripped
Transform:
  m_CorrespondingSourceObject: {fileID: 5361966523357661650, guid: 05abadbfe964eef4094af74f6de84d45, type: 3}
  m_PrefabInstance: {fileID: 1093940367200398973}
  m_PrefabAsset: {fileID: 0}
--- !u!1001 &1093940367578433218
PrefabInstance:
  m_ObjectHideFlags: 0
  serializedVersion: 2
  m_Modification:
    m_TransformParent: {fileID: 1093940366738466067}
    m_Modifications:
    - target: {fileID: 5908698321359824572, guid: 14e2775dab76abb409359f7297af3c27, type: 3}
      propertyPath: m_RootOrder
      value: 17
      objectReference: {fileID: 0}
    - target: {fileID: 5908698321359824572, guid: 14e2775dab76abb409359f7297af3c27, type: 3}
      propertyPath: m_LocalPosition.x
      value: 4.7026596
      objectReference: {fileID: 0}
    - target: {fileID: 5908698321359824572, guid: 14e2775dab76abb409359f7297af3c27, type: 3}
      propertyPath: m_LocalPosition.y
      value: 0.29075623
      objectReference: {fileID: 0}
    - target: {fileID: 5908698321359824572, guid: 14e2775dab76abb409359f7297af3c27, type: 3}
      propertyPath: m_LocalPosition.z
      value: 21.114868
      objectReference: {fileID: 0}
    - target: {fileID: 5908698321359824572, guid: 14e2775dab76abb409359f7297af3c27, type: 3}
      propertyPath: m_LocalRotation.w
      value: 0
      objectReference: {fileID: 0}
    - target: {fileID: 5908698321359824572, guid: 14e2775dab76abb409359f7297af3c27, type: 3}
      propertyPath: m_LocalRotation.x
      value: -0
      objectReference: {fileID: 0}
    - target: {fileID: 5908698321359824572, guid: 14e2775dab76abb409359f7297af3c27, type: 3}
      propertyPath: m_LocalRotation.y
      value: 1
      objectReference: {fileID: 0}
    - target: {fileID: 5908698321359824572, guid: 14e2775dab76abb409359f7297af3c27, type: 3}
      propertyPath: m_LocalRotation.z
      value: -0
      objectReference: {fileID: 0}
    - target: {fileID: 5908698321359824572, guid: 14e2775dab76abb409359f7297af3c27, type: 3}
      propertyPath: m_LocalEulerAnglesHint.x
      value: 0
      objectReference: {fileID: 0}
    - target: {fileID: 5908698321359824572, guid: 14e2775dab76abb409359f7297af3c27, type: 3}
      propertyPath: m_LocalEulerAnglesHint.y
      value: 180
      objectReference: {fileID: 0}
    - target: {fileID: 5908698321359824572, guid: 14e2775dab76abb409359f7297af3c27, type: 3}
      propertyPath: m_LocalEulerAnglesHint.z
      value: 0
      objectReference: {fileID: 0}
    - target: {fileID: 6535912171663604742, guid: 14e2775dab76abb409359f7297af3c27, type: 3}
      propertyPath: m_Name
      value: Steampunk_Lamp (9)
      objectReference: {fileID: 0}
    m_RemovedComponents: []
  m_SourcePrefab: {fileID: 100100000, guid: 14e2775dab76abb409359f7297af3c27, type: 3}
--- !u!4 &6832414899308617854 stripped
Transform:
  m_CorrespondingSourceObject: {fileID: 5908698321359824572, guid: 14e2775dab76abb409359f7297af3c27, type: 3}
  m_PrefabInstance: {fileID: 1093940367578433218}
  m_PrefabAsset: {fileID: 0}
--- !u!1001 &1093940367610562321
PrefabInstance:
  m_ObjectHideFlags: 0
  serializedVersion: 2
  m_Modification:
    m_TransformParent: {fileID: 1093940366738466067}
    m_Modifications:
    - target: {fileID: 8533396956503082082, guid: 4ffb3e0147c4cb74fb84d5ac1699e116, type: 3}
      propertyPath: m_RootOrder
      value: 13
      objectReference: {fileID: 0}
    - target: {fileID: 8533396956503082082, guid: 4ffb3e0147c4cb74fb84d5ac1699e116, type: 3}
      propertyPath: m_LocalPosition.x
      value: 6.410301
      objectReference: {fileID: 0}
    - target: {fileID: 8533396956503082082, guid: 4ffb3e0147c4cb74fb84d5ac1699e116, type: 3}
      propertyPath: m_LocalPosition.y
      value: 12.790695
      objectReference: {fileID: 0}
    - target: {fileID: 8533396956503082082, guid: 4ffb3e0147c4cb74fb84d5ac1699e116, type: 3}
      propertyPath: m_LocalPosition.z
      value: 19.159546
      objectReference: {fileID: 0}
    - target: {fileID: 8533396956503082082, guid: 4ffb3e0147c4cb74fb84d5ac1699e116, type: 3}
      propertyPath: m_LocalRotation.w
      value: 1
      objectReference: {fileID: 0}
    - target: {fileID: 8533396956503082082, guid: 4ffb3e0147c4cb74fb84d5ac1699e116, type: 3}
      propertyPath: m_LocalRotation.x
      value: 0.000000081460335
      objectReference: {fileID: 0}
    - target: {fileID: 8533396956503082082, guid: 4ffb3e0147c4cb74fb84d5ac1699e116, type: 3}
      propertyPath: m_LocalRotation.y
      value: -0
      objectReference: {fileID: 0}
    - target: {fileID: 8533396956503082082, guid: 4ffb3e0147c4cb74fb84d5ac1699e116, type: 3}
      propertyPath: m_LocalRotation.z
      value: -0
      objectReference: {fileID: 0}
    - target: {fileID: 8533396956503082082, guid: 4ffb3e0147c4cb74fb84d5ac1699e116, type: 3}
      propertyPath: m_LocalEulerAnglesHint.x
      value: 0
      objectReference: {fileID: 0}
    - target: {fileID: 8533396956503082082, guid: 4ffb3e0147c4cb74fb84d5ac1699e116, type: 3}
      propertyPath: m_LocalEulerAnglesHint.y
      value: 0
      objectReference: {fileID: 0}
    - target: {fileID: 8533396956503082082, guid: 4ffb3e0147c4cb74fb84d5ac1699e116, type: 3}
      propertyPath: m_LocalEulerAnglesHint.z
      value: 0
      objectReference: {fileID: 0}
    - target: {fileID: 9018291117127655128, guid: 4ffb3e0147c4cb74fb84d5ac1699e116, type: 3}
      propertyPath: m_Name
      value: room_ceiling_blue
      objectReference: {fileID: 0}
    m_RemovedComponents: []
  m_SourcePrefab: {fileID: 100100000, guid: 4ffb3e0147c4cb74fb84d5ac1699e116, type: 3}
--- !u!4 &8737761344904184691 stripped
Transform:
  m_CorrespondingSourceObject: {fileID: 8533396956503082082, guid: 4ffb3e0147c4cb74fb84d5ac1699e116, type: 3}
  m_PrefabInstance: {fileID: 1093940367610562321}
  m_PrefabAsset: {fileID: 0}
--- !u!1001 &1093940367638038909
PrefabInstance:
  m_ObjectHideFlags: 0
  serializedVersion: 2
  m_Modification:
    m_TransformParent: {fileID: 1093940366738466067}
    m_Modifications:
    - target: {fileID: 8533396956503082082, guid: 4ffb3e0147c4cb74fb84d5ac1699e116, type: 3}
      propertyPath: m_RootOrder
      value: 14
      objectReference: {fileID: 0}
    - target: {fileID: 8533396956503082082, guid: 4ffb3e0147c4cb74fb84d5ac1699e116, type: 3}
      propertyPath: m_LocalPosition.x
      value: 6.410301
      objectReference: {fileID: 0}
    - target: {fileID: 8533396956503082082, guid: 4ffb3e0147c4cb74fb84d5ac1699e116, type: 3}
      propertyPath: m_LocalPosition.y
      value: 12.790695
      objectReference: {fileID: 0}
    - target: {fileID: 8533396956503082082, guid: 4ffb3e0147c4cb74fb84d5ac1699e116, type: 3}
      propertyPath: m_LocalPosition.z
      value: 6.5461426
      objectReference: {fileID: 0}
    - target: {fileID: 8533396956503082082, guid: 4ffb3e0147c4cb74fb84d5ac1699e116, type: 3}
      propertyPath: m_LocalRotation.w
      value: 1
      objectReference: {fileID: 0}
    - target: {fileID: 8533396956503082082, guid: 4ffb3e0147c4cb74fb84d5ac1699e116, type: 3}
      propertyPath: m_LocalRotation.x
      value: 0.000000081460335
      objectReference: {fileID: 0}
    - target: {fileID: 8533396956503082082, guid: 4ffb3e0147c4cb74fb84d5ac1699e116, type: 3}
      propertyPath: m_LocalRotation.y
      value: -0
      objectReference: {fileID: 0}
    - target: {fileID: 8533396956503082082, guid: 4ffb3e0147c4cb74fb84d5ac1699e116, type: 3}
      propertyPath: m_LocalRotation.z
      value: -0
      objectReference: {fileID: 0}
    - target: {fileID: 8533396956503082082, guid: 4ffb3e0147c4cb74fb84d5ac1699e116, type: 3}
      propertyPath: m_LocalEulerAnglesHint.x
      value: 0
      objectReference: {fileID: 0}
    - target: {fileID: 8533396956503082082, guid: 4ffb3e0147c4cb74fb84d5ac1699e116, type: 3}
      propertyPath: m_LocalEulerAnglesHint.y
      value: 0
      objectReference: {fileID: 0}
    - target: {fileID: 8533396956503082082, guid: 4ffb3e0147c4cb74fb84d5ac1699e116, type: 3}
      propertyPath: m_LocalEulerAnglesHint.z
      value: 0
      objectReference: {fileID: 0}
    - target: {fileID: 9018291117127655128, guid: 4ffb3e0147c4cb74fb84d5ac1699e116, type: 3}
      propertyPath: m_Name
      value: room_ceiling_blue (1)
      objectReference: {fileID: 0}
    m_RemovedComponents: []
  m_SourcePrefab: {fileID: 100100000, guid: 4ffb3e0147c4cb74fb84d5ac1699e116, type: 3}
--- !u!4 &8737761344872418591 stripped
Transform:
  m_CorrespondingSourceObject: {fileID: 8533396956503082082, guid: 4ffb3e0147c4cb74fb84d5ac1699e116, type: 3}
  m_PrefabInstance: {fileID: 1093940367638038909}
  m_PrefabAsset: {fileID: 0}
--- !u!1001 &1093940367646886551
PrefabInstance:
  m_ObjectHideFlags: 0
  serializedVersion: 2
  m_Modification:
    m_TransformParent: {fileID: 1093940366738466067}
    m_Modifications:
    - target: {fileID: 6959047797664640872, guid: 06793eeb0cea7bc46976b86927fe84e8, type: 3}
      propertyPath: m_RootOrder
      value: 23
      objectReference: {fileID: 0}
    - target: {fileID: 6959047797664640872, guid: 06793eeb0cea7bc46976b86927fe84e8, type: 3}
      propertyPath: m_LocalPosition.x
      value: 25.730186
      objectReference: {fileID: 0}
    - target: {fileID: 6959047797664640872, guid: 06793eeb0cea7bc46976b86927fe84e8, type: 3}
      propertyPath: m_LocalPosition.y
      value: -0.009231567
      objectReference: {fileID: 0}
    - target: {fileID: 6959047797664640872, guid: 06793eeb0cea7bc46976b86927fe84e8, type: 3}
      propertyPath: m_LocalPosition.z
      value: 70.65979
      objectReference: {fileID: 0}
    - target: {fileID: 6959047797664640872, guid: 06793eeb0cea7bc46976b86927fe84e8, type: 3}
      propertyPath: m_LocalRotation.w
      value: 0
      objectReference: {fileID: 0}
    - target: {fileID: 6959047797664640872, guid: 06793eeb0cea7bc46976b86927fe84e8, type: 3}
      propertyPath: m_LocalRotation.x
      value: -0
      objectReference: {fileID: 0}
    - target: {fileID: 6959047797664640872, guid: 06793eeb0cea7bc46976b86927fe84e8, type: 3}
      propertyPath: m_LocalRotation.y
      value: 1
      objectReference: {fileID: 0}
    - target: {fileID: 6959047797664640872, guid: 06793eeb0cea7bc46976b86927fe84e8, type: 3}
      propertyPath: m_LocalRotation.z
      value: -0
      objectReference: {fileID: 0}
    - target: {fileID: 6959047797664640872, guid: 06793eeb0cea7bc46976b86927fe84e8, type: 3}
      propertyPath: m_LocalEulerAnglesHint.x
      value: 0
      objectReference: {fileID: 0}
    - target: {fileID: 6959047797664640872, guid: 06793eeb0cea7bc46976b86927fe84e8, type: 3}
      propertyPath: m_LocalEulerAnglesHint.y
      value: 180
      objectReference: {fileID: 0}
    - target: {fileID: 6959047797664640872, guid: 06793eeb0cea7bc46976b86927fe84e8, type: 3}
      propertyPath: m_LocalEulerAnglesHint.z
      value: 0
      objectReference: {fileID: 0}
    - target: {fileID: 7771050996611134930, guid: 06793eeb0cea7bc46976b86927fe84e8, type: 3}
      propertyPath: m_Name
      value: Invisible_Wall (4)
      objectReference: {fileID: 0}
    m_RemovedComponents: []
  m_SourcePrefab: {fileID: 100100000, guid: 06793eeb0cea7bc46976b86927fe84e8, type: 3}
--- !u!4 &8051862111792293375 stripped
Transform:
  m_CorrespondingSourceObject: {fileID: 6959047797664640872, guid: 06793eeb0cea7bc46976b86927fe84e8, type: 3}
  m_PrefabInstance: {fileID: 1093940367646886551}
  m_PrefabAsset: {fileID: 0}
--- !u!1001 &2460320539759130365
PrefabInstance:
  m_ObjectHideFlags: 0
  serializedVersion: 2
  m_Modification:
    m_TransformParent: {fileID: 1093940366738466067}
    m_Modifications:
    - target: {fileID: 2435265805226973134, guid: 34e326f74f8844d4584b9d344782d87a, type: 3}
      propertyPath: m_Name
      value: Room_Corner_blue_energy-0
      objectReference: {fileID: 0}
    - target: {fileID: 3062480682510306676, guid: 34e326f74f8844d4584b9d344782d87a, type: 3}
      propertyPath: m_RootOrder
      value: 2
      objectReference: {fileID: 0}
    - target: {fileID: 3062480682510306676, guid: 34e326f74f8844d4584b9d344782d87a, type: 3}
      propertyPath: m_LocalPosition.x
      value: 6.410301
      objectReference: {fileID: 0}
    - target: {fileID: 3062480682510306676, guid: 34e326f74f8844d4584b9d344782d87a, type: 3}
      propertyPath: m_LocalPosition.y
      value: -0.009231567
      objectReference: {fileID: 0}
    - target: {fileID: 3062480682510306676, guid: 34e326f74f8844d4584b9d344782d87a, type: 3}
      propertyPath: m_LocalPosition.z
      value: 19.159546
      objectReference: {fileID: 0}
    - target: {fileID: 3062480682510306676, guid: 34e326f74f8844d4584b9d344782d87a, type: 3}
      propertyPath: m_LocalRotation.w
      value: 1
      objectReference: {fileID: 0}
    - target: {fileID: 3062480682510306676, guid: 34e326f74f8844d4584b9d344782d87a, type: 3}
      propertyPath: m_LocalRotation.x
      value: -0
      objectReference: {fileID: 0}
    - target: {fileID: 3062480682510306676, guid: 34e326f74f8844d4584b9d344782d87a, type: 3}
      propertyPath: m_LocalRotation.y
      value: -0
      objectReference: {fileID: 0}
    - target: {fileID: 3062480682510306676, guid: 34e326f74f8844d4584b9d344782d87a, type: 3}
      propertyPath: m_LocalRotation.z
      value: -0
      objectReference: {fileID: 0}
    - target: {fileID: 3062480682510306676, guid: 34e326f74f8844d4584b9d344782d87a, type: 3}
      propertyPath: m_LocalEulerAnglesHint.x
      value: 0
      objectReference: {fileID: 0}
    - target: {fileID: 3062480682510306676, guid: 34e326f74f8844d4584b9d344782d87a, type: 3}
      propertyPath: m_LocalEulerAnglesHint.y
      value: 0
      objectReference: {fileID: 0}
    - target: {fileID: 3062480682510306676, guid: 34e326f74f8844d4584b9d344782d87a, type: 3}
      propertyPath: m_LocalEulerAnglesHint.z
      value: 0
      objectReference: {fileID: 0}
    m_RemovedComponents: []
  m_SourcePrefab: {fileID: 100100000, guid: 34e326f74f8844d4584b9d344782d87a, type: 3}
--- !u!4 &622848643781983113 stripped
Transform:
  m_CorrespondingSourceObject: {fileID: 3062480682510306676, guid: 34e326f74f8844d4584b9d344782d87a, type: 3}
  m_PrefabInstance: {fileID: 2460320539759130365}
  m_PrefabAsset: {fileID: 0}
--- !u!1001 &6440731532387111856
PrefabInstance:
  m_ObjectHideFlags: 0
  serializedVersion: 2
  m_Modification:
    m_TransformParent: {fileID: 1093940366738466067}
    m_Modifications:
    - target: {fileID: 5892642073061019224, guid: c08206de7fbd83941a4164d6d104de68, type: 3}
      propertyPath: m_RootOrder
      value: 3
      objectReference: {fileID: 0}
    - target: {fileID: 5892642073061019224, guid: c08206de7fbd83941a4164d6d104de68, type: 3}
      propertyPath: m_LocalPosition.x
      value: 6.410301
      objectReference: {fileID: 0}
    - target: {fileID: 5892642073061019224, guid: c08206de7fbd83941a4164d6d104de68, type: 3}
      propertyPath: m_LocalPosition.y
      value: -0.009231567
      objectReference: {fileID: 0}
    - target: {fileID: 5892642073061019224, guid: c08206de7fbd83941a4164d6d104de68, type: 3}
      propertyPath: m_LocalPosition.z
      value: 6.359497
      objectReference: {fileID: 0}
    - target: {fileID: 5892642073061019224, guid: c08206de7fbd83941a4164d6d104de68, type: 3}
      propertyPath: m_LocalRotation.w
      value: 1
      objectReference: {fileID: 0}
    - target: {fileID: 5892642073061019224, guid: c08206de7fbd83941a4164d6d104de68, type: 3}
      propertyPath: m_LocalRotation.x
      value: -0
      objectReference: {fileID: 0}
    - target: {fileID: 5892642073061019224, guid: c08206de7fbd83941a4164d6d104de68, type: 3}
      propertyPath: m_LocalRotation.y
      value: -0
      objectReference: {fileID: 0}
    - target: {fileID: 5892642073061019224, guid: c08206de7fbd83941a4164d6d104de68, type: 3}
      propertyPath: m_LocalRotation.z
      value: -0
      objectReference: {fileID: 0}
    - target: {fileID: 5892642073061019224, guid: c08206de7fbd83941a4164d6d104de68, type: 3}
      propertyPath: m_LocalEulerAnglesHint.x
      value: 0
      objectReference: {fileID: 0}
    - target: {fileID: 5892642073061019224, guid: c08206de7fbd83941a4164d6d104de68, type: 3}
      propertyPath: m_LocalEulerAnglesHint.y
      value: 0
      objectReference: {fileID: 0}
    - target: {fileID: 5892642073061019224, guid: c08206de7fbd83941a4164d6d104de68, type: 3}
      propertyPath: m_LocalEulerAnglesHint.z
      value: 0
      objectReference: {fileID: 0}
    - target: {fileID: 6524886906338186466, guid: c08206de7fbd83941a4164d6d104de68, type: 3}
      propertyPath: m_Name
      value: Corridor_blue_energy-0-Room_Asset
      objectReference: {fileID: 0}
    m_RemovedComponents: []
  m_SourcePrefab: {fileID: 100100000, guid: c08206de7fbd83941a4164d6d104de68, type: 3}
--- !u!4 &622848645246852584 stripped
Transform:
  m_CorrespondingSourceObject: {fileID: 5892642073061019224, guid: c08206de7fbd83941a4164d6d104de68, type: 3}
  m_PrefabInstance: {fileID: 6440731532387111856}
  m_PrefabAsset: {fileID: 0}
--- !u!1001 &7199553681029253679
PrefabInstance:
  m_ObjectHideFlags: 0
  serializedVersion: 2
  m_Modification:
    m_TransformParent: {fileID: 1093940366738466067}
    m_Modifications:
    - target: {fileID: 6919480436864899884, guid: 1c884068d9aab724b8034a34325df6ce, type: 3}
      propertyPath: m_Name
      value: Room_side_blue_energy-0
      objectReference: {fileID: 0}
    - target: {fileID: 7731904748561400214, guid: 1c884068d9aab724b8034a34325df6ce, type: 3}
      propertyPath: m_RootOrder
      value: 1
      objectReference: {fileID: 0}
    - target: {fileID: 7731904748561400214, guid: 1c884068d9aab724b8034a34325df6ce, type: 3}
      propertyPath: m_LocalPosition.x
      value: 6.1102524
      objectReference: {fileID: 0}
    - target: {fileID: 7731904748561400214, guid: 1c884068d9aab724b8034a34325df6ce, type: 3}
      propertyPath: m_LocalPosition.y
      value: -0.009231567
      objectReference: {fileID: 0}
    - target: {fileID: 7731904748561400214, guid: 1c884068d9aab724b8034a34325df6ce, type: 3}
      propertyPath: m_LocalPosition.z
      value: 57.559692
      objectReference: {fileID: 0}
    - target: {fileID: 7731904748561400214, guid: 1c884068d9aab724b8034a34325df6ce, type: 3}
      propertyPath: m_LocalRotation.w
      value: 1
      objectReference: {fileID: 0}
    - target: {fileID: 7731904748561400214, guid: 1c884068d9aab724b8034a34325df6ce, type: 3}
      propertyPath: m_LocalRotation.x
      value: -0
      objectReference: {fileID: 0}
    - target: {fileID: 7731904748561400214, guid: 1c884068d9aab724b8034a34325df6ce, type: 3}
      propertyPath: m_LocalRotation.y
      value: -0
      objectReference: {fileID: 0}
    - target: {fileID: 7731904748561400214, guid: 1c884068d9aab724b8034a34325df6ce, type: 3}
      propertyPath: m_LocalRotation.z
      value: -0
      objectReference: {fileID: 0}
    - target: {fileID: 7731904748561400214, guid: 1c884068d9aab724b8034a34325df6ce, type: 3}
      propertyPath: m_LocalEulerAnglesHint.x
      value: 0
      objectReference: {fileID: 0}
    - target: {fileID: 7731904748561400214, guid: 1c884068d9aab724b8034a34325df6ce, type: 3}
      propertyPath: m_LocalEulerAnglesHint.y
      value: 0
      objectReference: {fileID: 0}
    - target: {fileID: 7731904748561400214, guid: 1c884068d9aab724b8034a34325df6ce, type: 3}
      propertyPath: m_LocalEulerAnglesHint.z
      value: 0
      objectReference: {fileID: 0}
    m_RemovedComponents: []
  m_SourcePrefab: {fileID: 100100000, guid: 1c884068d9aab724b8034a34325df6ce, type: 3}
--- !u!4 &622848644633217977 stripped
Transform:
  m_CorrespondingSourceObject: {fileID: 7731904748561400214, guid: 1c884068d9aab724b8034a34325df6ce, type: 3}
  m_PrefabInstance: {fileID: 7199553681029253679}
  m_PrefabAsset: {fileID: 0}
--- !u!1001 &7509555099213973498
PrefabInstance:
  m_ObjectHideFlags: 0
  serializedVersion: 2
  m_Modification:
    m_TransformParent: {fileID: 1093940366738466067}
    m_Modifications:
    - target: {fileID: 6959047797664640872, guid: 06793eeb0cea7bc46976b86927fe84e8, type: 3}
      propertyPath: m_RootOrder
      value: 19
      objectReference: {fileID: 0}
    - target: {fileID: 6959047797664640872, guid: 06793eeb0cea7bc46976b86927fe84e8, type: 3}
      propertyPath: m_LocalPosition.x
      value: 6.1102524
      objectReference: {fileID: 0}
    - target: {fileID: 6959047797664640872, guid: 06793eeb0cea7bc46976b86927fe84e8, type: 3}
      propertyPath: m_LocalPosition.y
      value: -0.009231567
      objectReference: {fileID: 0}
    - target: {fileID: 6959047797664640872, guid: 06793eeb0cea7bc46976b86927fe84e8, type: 3}
      propertyPath: m_LocalPosition.z
      value: 64.05969
      objectReference: {fileID: 0}
    - target: {fileID: 6959047797664640872, guid: 06793eeb0cea7bc46976b86927fe84e8, type: 3}
      propertyPath: m_LocalRotation.w
      value: 0.7071068
      objectReference: {fileID: 0}
    - target: {fileID: 6959047797664640872, guid: 06793eeb0cea7bc46976b86927fe84e8, type: 3}
      propertyPath: m_LocalRotation.x
      value: -0
      objectReference: {fileID: 0}
    - target: {fileID: 6959047797664640872, guid: 06793eeb0cea7bc46976b86927fe84e8, type: 3}
      propertyPath: m_LocalRotation.y
      value: 0.7071068
      objectReference: {fileID: 0}
    - target: {fileID: 6959047797664640872, guid: 06793eeb0cea7bc46976b86927fe84e8, type: 3}
      propertyPath: m_LocalRotation.z
      value: -0
      objectReference: {fileID: 0}
    - target: {fileID: 6959047797664640872, guid: 06793eeb0cea7bc46976b86927fe84e8, type: 3}
      propertyPath: m_LocalEulerAnglesHint.x
      value: 0
      objectReference: {fileID: 0}
    - target: {fileID: 6959047797664640872, guid: 06793eeb0cea7bc46976b86927fe84e8, type: 3}
      propertyPath: m_LocalEulerAnglesHint.y
      value: 90
      objectReference: {fileID: 0}
    - target: {fileID: 6959047797664640872, guid: 06793eeb0cea7bc46976b86927fe84e8, type: 3}
      propertyPath: m_LocalEulerAnglesHint.z
      value: 0
      objectReference: {fileID: 0}
    - target: {fileID: 7771050996611134930, guid: 06793eeb0cea7bc46976b86927fe84e8, type: 3}
      propertyPath: m_Name
      value: Invisible_Wall
      objectReference: {fileID: 0}
    m_RemovedComponents: []
  m_SourcePrefab: {fileID: 100100000, guid: 06793eeb0cea7bc46976b86927fe84e8, type: 3}
--- !u!4 &622848644279478418 stripped
Transform:
  m_CorrespondingSourceObject: {fileID: 6959047797664640872, guid: 06793eeb0cea7bc46976b86927fe84e8, type: 3}
  m_PrefabInstance: {fileID: 7509555099213973498}
  m_PrefabAsset: {fileID: 0}
--- !u!1001 &7745131522515266759
PrefabInstance:
  m_ObjectHideFlags: 0
  serializedVersion: 2
  m_Modification:
    m_TransformParent: {fileID: 1093940366738466067}
    m_Modifications:
    - target: {fileID: 4693411104841618280, guid: 05abadbfe964eef4094af74f6de84d45, type: 3}
      propertyPath: m_Name
      value: Floor_blue_energy
      objectReference: {fileID: 0}
    - target: {fileID: 5361966523357661650, guid: 05abadbfe964eef4094af74f6de84d45, type: 3}
      propertyPath: m_RootOrder
      value: 6
      objectReference: {fileID: 0}
    - target: {fileID: 5361966523357661650, guid: 05abadbfe964eef4094af74f6de84d45, type: 3}
      propertyPath: m_LocalPosition.x
      value: 18.910301
      objectReference: {fileID: 0}
    - target: {fileID: 5361966523357661650, guid: 05abadbfe964eef4094af74f6de84d45, type: 3}
      propertyPath: m_LocalPosition.y
      value: -0.009231567
      objectReference: {fileID: 0}
    - target: {fileID: 5361966523357661650, guid: 05abadbfe964eef4094af74f6de84d45, type: 3}
      propertyPath: m_LocalPosition.z
      value: 44.759644
      objectReference: {fileID: 0}
    - target: {fileID: 5361966523357661650, guid: 05abadbfe964eef4094af74f6de84d45, type: 3}
      propertyPath: m_LocalRotation.w
      value: 1
      objectReference: {fileID: 0}
    - target: {fileID: 5361966523357661650, guid: 05abadbfe964eef4094af74f6de84d45, type: 3}
      propertyPath: m_LocalRotation.x
      value: -0
      objectReference: {fileID: 0}
    - target: {fileID: 5361966523357661650, guid: 05abadbfe964eef4094af74f6de84d45, type: 3}
      propertyPath: m_LocalRotation.y
      value: -0
      objectReference: {fileID: 0}
    - target: {fileID: 5361966523357661650, guid: 05abadbfe964eef4094af74f6de84d45, type: 3}
      propertyPath: m_LocalRotation.z
      value: -0
      objectReference: {fileID: 0}
    - target: {fileID: 5361966523357661650, guid: 05abadbfe964eef4094af74f6de84d45, type: 3}
      propertyPath: m_LocalEulerAnglesHint.x
      value: 0
      objectReference: {fileID: 0}
    - target: {fileID: 5361966523357661650, guid: 05abadbfe964eef4094af74f6de84d45, type: 3}
      propertyPath: m_LocalEulerAnglesHint.y
      value: 0
      objectReference: {fileID: 0}
    - target: {fileID: 5361966523357661650, guid: 05abadbfe964eef4094af74f6de84d45, type: 3}
      propertyPath: m_LocalEulerAnglesHint.z
      value: 0
      objectReference: {fileID: 0}
    m_RemovedComponents: []
  m_SourcePrefab: {fileID: 100100000, guid: 05abadbfe964eef4094af74f6de84d45, type: 3}
--- !u!4 &2384009702195782933 stripped
Transform:
  m_CorrespondingSourceObject: {fileID: 5361966523357661650, guid: 05abadbfe964eef4094af74f6de84d45, type: 3}
  m_PrefabInstance: {fileID: 7745131522515266759}
  m_PrefabAsset: {fileID: 0}
