%YAML 1.1
%TAG !u! tag:unity3d.com,2011:
--- !u!1 &782552429608107454
GameObject:
  m_ObjectHideFlags: 0
  m_CorrespondingSourceObject: {fileID: 0}
  m_PrefabInstance: {fileID: 0}
  m_PrefabAsset: {fileID: 0}
  serializedVersion: 6
  m_Component:
  - component: {fileID: 4652209018482646637}
  - component: {fileID: 4957085172620659353}
  - component: {fileID: 6693023973632818576}
  - component: {fileID: 6416566311892733290}
  m_Layer: 0
  m_Name: RuneHelpTrigger
  m_TagString: Untagged
  m_Icon: {fileID: 0}
  m_NavMeshLayer: 0
  m_StaticEditorFlags: 0
  m_IsActive: 1
--- !u!4 &4652209018482646637
Transform:
  m_ObjectHideFlags: 0
  m_CorrespondingSourceObject: {fileID: 0}
  m_PrefabInstance: {fileID: 0}
  m_PrefabAsset: {fileID: 0}
  m_GameObject: {fileID: 782552429608107454}
  m_LocalRotation: {x: -0, y: -0, z: -0, w: 1}
  m_LocalPosition: {x: -114.465706, y: 2.561985, z: -13.398016}
  m_LocalScale: {x: 1, y: 1, z: 1}
  m_ConstrainProportionsScale: 0
  m_Children: []
  m_Father: {fileID: 4270916924185876213}
  m_RootOrder: 5
  m_LocalEulerAnglesHint: {x: 0, y: 0, z: 0}
--- !u!54 &4957085172620659353
Rigidbody:
  m_ObjectHideFlags: 0
  m_CorrespondingSourceObject: {fileID: 0}
  m_PrefabInstance: {fileID: 0}
  m_PrefabAsset: {fileID: 0}
  m_GameObject: {fileID: 782552429608107454}
  serializedVersion: 2
  m_Mass: 1
  m_Drag: 0
  m_AngularDrag: 0.05
  m_UseGravity: 1
  m_IsKinematic: 1
  m_Interpolate: 0
  m_Constraints: 0
  m_CollisionDetection: 0
--- !u!65 &6693023973632818576
BoxCollider:
  m_ObjectHideFlags: 0
  m_CorrespondingSourceObject: {fileID: 0}
  m_PrefabInstance: {fileID: 0}
  m_PrefabAsset: {fileID: 0}
  m_GameObject: {fileID: 782552429608107454}
  m_Material: {fileID: 0}
  m_IsTrigger: 1
  m_Enabled: 1
  serializedVersion: 2
  m_Size: {x: 9.342003, y: 7.761067, z: 10.790672}
  m_Center: {x: 1.2697716, y: 2.3994515, z: -1.2762985}
--- !u!114 &6416566311892733290
MonoBehaviour:
  m_ObjectHideFlags: 0
  m_CorrespondingSourceObject: {fileID: 0}
  m_PrefabInstance: {fileID: 0}
  m_PrefabAsset: {fileID: 0}
  m_GameObject: {fileID: 782552429608107454}
  m_Enabled: 1
  m_EditorHideFlags: 0
  m_Script: {fileID: 11500000, guid: 5394784bc112444580ef866f82a4737e, type: 3}
  m_Name: 
  m_EditorClassIdentifier: 
  runeGenerator: {fileID: 4270916924185876215}
  runeHelpTextField: {fileID: 3013114782521597420}
--- !u!1 &1958362622594039844
GameObject:
  m_ObjectHideFlags: 0
  m_CorrespondingSourceObject: {fileID: 0}
  m_PrefabInstance: {fileID: 0}
  m_PrefabAsset: {fileID: 0}
  serializedVersion: 6
  m_Component:
  - component: {fileID: 7369786366825195590}
  - component: {fileID: 1619082441798770668}
  - component: {fileID: 6774804041827962943}
  m_Layer: 0
  m_Name: RuneLight
  m_TagString: Untagged
  m_Icon: {fileID: 0}
  m_NavMeshLayer: 0
  m_StaticEditorFlags: 0
  m_IsActive: 1
--- !u!4 &7369786366825195590
Transform:
  m_ObjectHideFlags: 0
  m_CorrespondingSourceObject: {fileID: 0}
  m_PrefabInstance: {fileID: 0}
  m_PrefabAsset: {fileID: 0}
  m_GameObject: {fileID: 1958362622594039844}
  m_LocalRotation: {x: 0.3544126, y: -0, z: -0, w: 0.9350892}
  m_LocalPosition: {x: -107.34, y: 12.139999, z: 23.29}
  m_LocalScale: {x: 1, y: 1, z: 1}
  m_ConstrainProportionsScale: 0
  m_Children: []
  m_Father: {fileID: 4270916924090086635}
  m_RootOrder: 1
  m_LocalEulerAnglesHint: {x: 41.515, y: 0, z: 0}
--- !u!108 &1619082441798770668
Light:
  m_ObjectHideFlags: 0
  m_CorrespondingSourceObject: {fileID: 0}
  m_PrefabInstance: {fileID: 0}
  m_PrefabAsset: {fileID: 0}
  m_GameObject: {fileID: 1958362622594039844}
  m_Enabled: 1
  serializedVersion: 10
  m_Type: 0
  m_Shape: 0
  m_Color: {r: 0.54901963, g: 0.96470594, b: 0.9960785, a: 1}
  m_Intensity: 25
  m_Range: 15
  m_SpotAngle: 106.65805
  m_InnerSpotAngle: 0
  m_CookieSize: 10
  m_Shadows:
    m_Type: 0
    m_Resolution: -1
    m_CustomResolution: -1
    m_Strength: 1
    m_Bias: 0.05
    m_NormalBias: 0.4
    m_NearPlane: 0.2
    m_CullingMatrixOverride:
      e00: 1
      e01: 0
      e02: 0
      e03: 0
      e10: 0
      e11: 1
      e12: 0
      e13: 0
      e20: 0
      e21: 0
      e22: 1
      e23: 0
      e30: 0
      e31: 0
      e32: 0
      e33: 1
    m_UseCullingMatrixOverride: 0
  m_Cookie: {fileID: 0}
  m_DrawHalo: 0
  m_Flare: {fileID: 0}
  m_RenderMode: 0
  m_CullingMask:
    serializedVersion: 2
    m_Bits: 4294967295
  m_RenderingLayerMask: 1
  m_Lightmapping: 1
  m_LightShadowCasterMode: 0
  m_AreaSize: {x: 1, y: 1}
  m_BounceIntensity: 1
  m_ColorTemperature: 6570
  m_UseColorTemperature: 0
  m_BoundingSphereOverride: {x: 0, y: 0, z: 0, w: 0}
  m_UseBoundingSphereOverride: 0
  m_UseViewFrustumForShadowCasterCull: 1
  m_ShadowRadius: 0
  m_ShadowAngle: 0
--- !u!114 &6774804041827962943
MonoBehaviour:
  m_ObjectHideFlags: 0
  m_CorrespondingSourceObject: {fileID: 0}
  m_PrefabInstance: {fileID: 0}
  m_PrefabAsset: {fileID: 0}
  m_GameObject: {fileID: 1958362622594039844}
  m_Enabled: 1
  m_EditorHideFlags: 0
  m_Script: {fileID: 11500000, guid: 474bcb49853aa07438625e644c072ee6, type: 3}
  m_Name: 
  m_EditorClassIdentifier: 
  m_Version: 1
  m_UsePipelineSettings: 1
  m_AdditionalLightsShadowResolutionTier: 2
  m_LightLayerMask: 1
  m_CustomShadowLayers: 0
  m_ShadowLayerMask: 1
  m_LightCookieSize: {x: 1, y: 1}
  m_LightCookieOffset: {x: 0, y: 0}
--- !u!1 &3199408835175190582
GameObject:
  m_ObjectHideFlags: 0
  m_CorrespondingSourceObject: {fileID: 0}
  m_PrefabInstance: {fileID: 0}
  m_PrefabAsset: {fileID: 0}
  serializedVersion: 6
  m_Component:
  - component: {fileID: 1780449843078810266}
  m_Layer: 0
  m_Name: RespawnPoint
  m_TagString: Untagged
  m_Icon: {fileID: 0}
  m_NavMeshLayer: 0
  m_StaticEditorFlags: 0
  m_IsActive: 1
--- !u!4 &1780449843078810266
Transform:
  m_ObjectHideFlags: 0
  m_CorrespondingSourceObject: {fileID: 0}
  m_PrefabInstance: {fileID: 0}
  m_PrefabAsset: {fileID: 0}
  m_GameObject: {fileID: 3199408835175190582}
  m_LocalRotation: {x: 0, y: 0, z: 0, w: 1}
  m_LocalPosition: {x: 0, y: 0, z: 0}
  m_LocalScale: {x: 1, y: 1, z: 1}
  m_ConstrainProportionsScale: 0
  m_Children: []
  m_Father: {fileID: 4270916923254587803}
  m_RootOrder: 0
  m_LocalEulerAnglesHint: {x: 0, y: 0, z: 0}
--- !u!1 &4270916922357434452
GameObject:
  m_ObjectHideFlags: 0
  m_CorrespondingSourceObject: {fileID: 0}
  m_PrefabInstance: {fileID: 0}
  m_PrefabAsset: {fileID: 0}
  serializedVersion: 6
  m_Component:
  - component: {fileID: 4270916922357434440}
  - component: {fileID: 4270916922357434441}
  - component: {fileID: 4270916922357434454}
  - component: {fileID: 4270916922357434455}
  m_Layer: 0
  m_Name: InteractTrigger_GoldenDoor
  m_TagString: Untagged
  m_Icon: {fileID: 0}
  m_NavMeshLayer: 0
  m_StaticEditorFlags: 0
  m_IsActive: 1
--- !u!4 &4270916922357434440
Transform:
  m_ObjectHideFlags: 0
  m_CorrespondingSourceObject: {fileID: 0}
  m_PrefabInstance: {fileID: 0}
  m_PrefabAsset: {fileID: 0}
  m_GameObject: {fileID: 4270916922357434452}
  m_LocalRotation: {x: -0, y: -0, z: -0, w: 1}
  m_LocalPosition: {x: 0.6171589, y: 8.46, z: 50.90165}
  m_LocalScale: {x: 1, y: 1, z: 1}
  m_ConstrainProportionsScale: 0
  m_Children: []
  m_Father: {fileID: 4270916924185876213}
  m_RootOrder: 1
  m_LocalEulerAnglesHint: {x: 0, y: 0, z: 0}
--- !u!65 &4270916922357434441
BoxCollider:
  m_ObjectHideFlags: 0
  m_CorrespondingSourceObject: {fileID: 0}
  m_PrefabInstance: {fileID: 0}
  m_PrefabAsset: {fileID: 0}
  m_GameObject: {fileID: 4270916922357434452}
  m_Material: {fileID: 0}
  m_IsTrigger: 1
  m_Enabled: 1
  serializedVersion: 2
  m_Size: {x: 11.063001, y: 9.873369, z: 3.9632645}
  m_Center: {x: -0.72780085, y: -3.6158895, z: 8.317997}
--- !u!54 &4270916922357434454
Rigidbody:
  m_ObjectHideFlags: 0
  m_CorrespondingSourceObject: {fileID: 0}
  m_PrefabInstance: {fileID: 0}
  m_PrefabAsset: {fileID: 0}
  m_GameObject: {fileID: 4270916922357434452}
  serializedVersion: 2
  m_Mass: 1
  m_Drag: 0
  m_AngularDrag: 0.05
  m_UseGravity: 1
  m_IsKinematic: 1
  m_Interpolate: 0
  m_Constraints: 0
  m_CollisionDetection: 0
--- !u!114 &4270916922357434455
MonoBehaviour:
  m_ObjectHideFlags: 0
  m_CorrespondingSourceObject: {fileID: 0}
  m_PrefabInstance: {fileID: 0}
  m_PrefabAsset: {fileID: 0}
  m_GameObject: {fileID: 4270916922357434452}
  m_Enabled: 1
  m_EditorHideFlags: 0
  m_Script: {fileID: 11500000, guid: d1a48c0846f54ce79ab853f1f1f0acd7, type: 3}
  m_Name: 
  m_EditorClassIdentifier: 
  _puzzleRoomController: {fileID: 4270916924185876212}
  interactable: {fileID: 4270916922442245502}
--- !u!1 &4270916922480486907
GameObject:
  m_ObjectHideFlags: 0
  m_CorrespondingSourceObject: {fileID: 0}
  m_PrefabInstance: {fileID: 0}
  m_PrefabAsset: {fileID: 0}
  serializedVersion: 6
  m_Component:
  - component: {fileID: 4270916922480486911}
  - component: {fileID: 4270916922480486908}
  - component: {fileID: 4270916922480486909}
  - component: {fileID: 4270916922480486906}
  m_Layer: 0
  m_Name: InteractTrigger_DisplayCase
  m_TagString: Untagged
  m_Icon: {fileID: 0}
  m_NavMeshLayer: 0
  m_StaticEditorFlags: 0
  m_IsActive: 1
--- !u!4 &4270916922480486911
Transform:
  m_ObjectHideFlags: 0
  m_CorrespondingSourceObject: {fileID: 0}
  m_PrefabInstance: {fileID: 0}
  m_PrefabAsset: {fileID: 0}
  m_GameObject: {fileID: 4270916922480486907}
  m_LocalRotation: {x: -0, y: -0, z: -0, w: 1}
  m_LocalPosition: {x: 51.817154, y: 20.300491, z: 96.08665}
  m_LocalScale: {x: 1, y: 1, z: 1}
  m_ConstrainProportionsScale: 0
  m_Children: []
  m_Father: {fileID: 4270916924185876213}
  m_RootOrder: 2
  m_LocalEulerAnglesHint: {x: 0, y: 0, z: 0}
--- !u!65 &4270916922480486908
BoxCollider:
  m_ObjectHideFlags: 0
  m_CorrespondingSourceObject: {fileID: 0}
  m_PrefabInstance: {fileID: 0}
  m_PrefabAsset: {fileID: 0}
  m_GameObject: {fileID: 4270916922480486907}
  m_Material: {fileID: 0}
  m_IsTrigger: 1
  m_Enabled: 1
  serializedVersion: 2
  m_Size: {x: 13.09063, y: 7.9737797, z: 7.6325607}
  m_Center: {x: -1.6714973, y: -4.5656843, z: 6.483349}
--- !u!54 &4270916922480486909
Rigidbody:
  m_ObjectHideFlags: 0
  m_CorrespondingSourceObject: {fileID: 0}
  m_PrefabInstance: {fileID: 0}
  m_PrefabAsset: {fileID: 0}
  m_GameObject: {fileID: 4270916922480486907}
  serializedVersion: 2
  m_Mass: 1
  m_Drag: 0
  m_AngularDrag: 0.05
  m_UseGravity: 1
  m_IsKinematic: 1
  m_Interpolate: 0
  m_Constraints: 0
  m_CollisionDetection: 0
--- !u!114 &4270916922480486906
MonoBehaviour:
  m_ObjectHideFlags: 0
  m_CorrespondingSourceObject: {fileID: 0}
  m_PrefabInstance: {fileID: 0}
  m_PrefabAsset: {fileID: 0}
  m_GameObject: {fileID: 4270916922480486907}
  m_Enabled: 1
  m_EditorHideFlags: 0
  m_Script: {fileID: 11500000, guid: d1a48c0846f54ce79ab853f1f1f0acd7, type: 3}
  m_Name: 
  m_EditorClassIdentifier: 
  _puzzleRoomController: {fileID: 4270916924185876212}
  interactable: {fileID: 4495339095282315848}
--- !u!1 &4270916922527293775
GameObject:
  m_ObjectHideFlags: 0
  m_CorrespondingSourceObject: {fileID: 0}
  m_PrefabInstance: {fileID: 0}
  m_PrefabAsset: {fileID: 0}
  serializedVersion: 6
  m_Component:
  - component: {fileID: 4270916922527293774}
  - component: {fileID: 4270916922527293763}
  - component: {fileID: 4270916922527293760}
  - component: {fileID: 4270916922527293761}
  m_Layer: 0
  m_Name: InteractTrigger_SteampunkBook
  m_TagString: Untagged
  m_Icon: {fileID: 0}
  m_NavMeshLayer: 0
  m_StaticEditorFlags: 0
  m_IsActive: 1
--- !u!4 &4270916922527293774
Transform:
  m_ObjectHideFlags: 0
  m_CorrespondingSourceObject: {fileID: 0}
  m_PrefabInstance: {fileID: 0}
  m_PrefabAsset: {fileID: 0}
  m_GameObject: {fileID: 4270916922527293775}
  m_LocalRotation: {x: -0, y: -0, z: -0, w: 1}
  m_LocalPosition: {x: 127.7381, y: -17.919998, z: -15.360001}
  m_LocalScale: {x: 1, y: 1, z: 1}
  m_ConstrainProportionsScale: 0
  m_Children: []
  m_Father: {fileID: 4270916924185876213}
  m_RootOrder: 4
  m_LocalEulerAnglesHint: {x: 0, y: 0, z: 0}
--- !u!65 &4270916922527293763
BoxCollider:
  m_ObjectHideFlags: 0
  m_CorrespondingSourceObject: {fileID: 0}
  m_PrefabInstance: {fileID: 0}
  m_PrefabAsset: {fileID: 0}
  m_GameObject: {fileID: 4270916922527293775}
  m_Material: {fileID: 0}
  m_IsTrigger: 1
  m_Enabled: 1
  serializedVersion: 2
  m_Size: {x: 8.507706, y: 8.165941, z: 6.5646095}
  m_Center: {x: 0.3142166, y: -4.4696035, z: 5.7211895}
--- !u!54 &4270916922527293760
Rigidbody:
  m_ObjectHideFlags: 0
  m_CorrespondingSourceObject: {fileID: 0}
  m_PrefabInstance: {fileID: 0}
  m_PrefabAsset: {fileID: 0}
  m_GameObject: {fileID: 4270916922527293775}
  serializedVersion: 2
  m_Mass: 1
  m_Drag: 0
  m_AngularDrag: 0.05
  m_UseGravity: 1
  m_IsKinematic: 1
  m_Interpolate: 0
  m_Constraints: 0
  m_CollisionDetection: 0
--- !u!114 &4270916922527293761
MonoBehaviour:
  m_ObjectHideFlags: 0
  m_CorrespondingSourceObject: {fileID: 0}
  m_PrefabInstance: {fileID: 0}
  m_PrefabAsset: {fileID: 0}
  m_GameObject: {fileID: 4270916922527293775}
  m_Enabled: 1
  m_EditorHideFlags: 0
  m_Script: {fileID: 11500000, guid: d1a48c0846f54ce79ab853f1f1f0acd7, type: 3}
  m_Name: 
  m_EditorClassIdentifier: 
  _puzzleRoomController: {fileID: 4270916924185876212}
  interactable: {fileID: 3650875725361711929}
--- !u!1 &4270916924090086632
GameObject:
  m_ObjectHideFlags: 0
  m_CorrespondingSourceObject: {fileID: 0}
  m_PrefabInstance: {fileID: 0}
  m_PrefabAsset: {fileID: 0}
  serializedVersion: 6
  m_Component:
  - component: {fileID: 4270916924090086635}
  m_Layer: 0
  m_Name: Puzzle_Room
  m_TagString: Untagged
  m_Icon: {fileID: 0}
  m_NavMeshLayer: 0
  m_StaticEditorFlags: 0
  m_IsActive: 1
--- !u!4 &4270916924090086635
Transform:
  m_ObjectHideFlags: 0
  m_CorrespondingSourceObject: {fileID: 0}
  m_PrefabInstance: {fileID: 0}
  m_PrefabAsset: {fileID: 0}
  m_GameObject: {fileID: 4270916924090086632}
  m_LocalRotation: {x: -0, y: -0, z: -0, w: 1}
  m_LocalPosition: {x: 0, y: 0, z: 0}
  m_LocalScale: {x: 1, y: 1, z: 1}
  m_ConstrainProportionsScale: 0
  m_Children:
  - {fileID: 4270916924185876213}
  - {fileID: 7369786366825195590}
  - {fileID: 3001596156389799110}
  - {fileID: 4381968547060947597}
  - {fileID: 6882547963142054443}
  - {fileID: 4270916922567829758}
  - {fileID: 4270916924134263955}
  - {fileID: 4270916923812348356}
  - {fileID: 4270916924191097601}
  - {fileID: 4270916923164812725}
  - {fileID: 1809277468164578760}
  - {fileID: 2320895230059500347}
  - {fileID: 6945159017962930541}
  m_Father: {fileID: 0}
  m_RootOrder: 0
  m_LocalEulerAnglesHint: {x: 0, y: 0, z: 0}
--- !u!1 &4270916924182775648
GameObject:
  m_ObjectHideFlags: 0
  m_CorrespondingSourceObject: {fileID: 0}
  m_PrefabInstance: {fileID: 0}
  m_PrefabAsset: {fileID: 0}
  serializedVersion: 6
  m_Component:
  - component: {fileID: 4270916924182775651}
  - component: {fileID: 4270916924182775653}
  - component: {fileID: 4270916924182775650}
  - component: {fileID: 4270916924182775652}
  m_Layer: 0
  m_Name: InteractTrigger_Dead_Person
  m_TagString: Untagged
  m_Icon: {fileID: 0}
  m_NavMeshLayer: 0
  m_StaticEditorFlags: 0
  m_IsActive: 1
--- !u!4 &4270916924182775651
Transform:
  m_ObjectHideFlags: 0
  m_CorrespondingSourceObject: {fileID: 0}
  m_PrefabInstance: {fileID: 0}
  m_PrefabAsset: {fileID: 0}
  m_GameObject: {fileID: 4270916924182775648}
  m_LocalRotation: {x: -0, y: -0, z: -0, w: 1}
  m_LocalPosition: {x: -0.1955738, y: 8.46, z: 26.856705}
  m_LocalScale: {x: 1, y: 1, z: 1}
  m_ConstrainProportionsScale: 0
  m_Children: []
  m_Father: {fileID: 4270916924185876213}
  m_RootOrder: 0
  m_LocalEulerAnglesHint: {x: 0, y: 0, z: 0}
--- !u!65 &4270916924182775653
BoxCollider:
  m_ObjectHideFlags: 0
  m_CorrespondingSourceObject: {fileID: 0}
  m_PrefabInstance: {fileID: 0}
  m_PrefabAsset: {fileID: 0}
  m_GameObject: {fileID: 4270916924182775648}
  m_Material: {fileID: 0}
  m_IsTrigger: 1
  m_Enabled: 1
  serializedVersion: 2
  m_Size: {x: 9.420493, y: 5.464162, z: 7.6325607}
  m_Center: {x: -1.5490546, y: -5.820493, z: 6.483349}
--- !u!54 &4270916924182775650
Rigidbody:
  m_ObjectHideFlags: 0
  m_CorrespondingSourceObject: {fileID: 0}
  m_PrefabInstance: {fileID: 0}
  m_PrefabAsset: {fileID: 0}
  m_GameObject: {fileID: 4270916924182775648}
  serializedVersion: 2
  m_Mass: 1
  m_Drag: 0
  m_AngularDrag: 0.05
  m_UseGravity: 1
  m_IsKinematic: 1
  m_Interpolate: 0
  m_Constraints: 0
  m_CollisionDetection: 0
--- !u!114 &4270916924182775652
MonoBehaviour:
  m_ObjectHideFlags: 0
  m_CorrespondingSourceObject: {fileID: 0}
  m_PrefabInstance: {fileID: 0}
  m_PrefabAsset: {fileID: 0}
  m_GameObject: {fileID: 4270916924182775648}
  m_Enabled: 1
  m_EditorHideFlags: 0
  m_Script: {fileID: 11500000, guid: d1a48c0846f54ce79ab853f1f1f0acd7, type: 3}
  m_Name: 
  m_EditorClassIdentifier: 
  _puzzleRoomController: {fileID: 4270916924185876212}
  interactable: {fileID: 4270916923523996961}
--- !u!1 &4270916924185876210
GameObject:
  m_ObjectHideFlags: 0
  m_CorrespondingSourceObject: {fileID: 0}
  m_PrefabInstance: {fileID: 0}
  m_PrefabAsset: {fileID: 0}
  serializedVersion: 6
  m_Component:
  - component: {fileID: 4270916924185876213}
  - component: {fileID: 4270916924185876212}
  - component: {fileID: 4270916924185876215}
  m_Layer: 0
  m_Name: Puzzle_Room_Triggers
  m_TagString: Untagged
  m_Icon: {fileID: 0}
  m_NavMeshLayer: 0
  m_StaticEditorFlags: 0
  m_IsActive: 1
--- !u!4 &4270916924185876213
Transform:
  m_ObjectHideFlags: 0
  m_CorrespondingSourceObject: {fileID: 0}
  m_PrefabInstance: {fileID: 0}
  m_PrefabAsset: {fileID: 0}
  m_GameObject: {fileID: 4270916924185876210}
  m_LocalRotation: {x: -0, y: -0, z: -0, w: 1}
  m_LocalPosition: {x: 6.505703, y: 1.2780151, z: 40.278015}
  m_LocalScale: {x: 1, y: 1, z: 1}
  m_ConstrainProportionsScale: 0
  m_Children:
  - {fileID: 4270916924182775651}
  - {fileID: 4270916922357434440}
  - {fileID: 4270916922480486911}
  - {fileID: 4270916924240808319}
  - {fileID: 4270916922527293774}
  - {fileID: 4652209018482646637}
  m_Father: {fileID: 4270916924090086635}
  m_RootOrder: 0
  m_LocalEulerAnglesHint: {x: 0, y: 0, z: 0}
--- !u!114 &4270916924185876212
MonoBehaviour:
  m_ObjectHideFlags: 0
  m_CorrespondingSourceObject: {fileID: 0}
  m_PrefabInstance: {fileID: 0}
  m_PrefabAsset: {fileID: 0}
  m_GameObject: {fileID: 4270916924185876210}
  m_Enabled: 1
  m_EditorHideFlags: 0
  m_Script: {fileID: 11500000, guid: bacced11bf364eef9a45c2d52a6ec421, type: 3}
  m_Name: 
  m_EditorClassIdentifier: 
  gameController: {fileID: 0}
  runeGenerator: {fileID: 4270916924185876215}
  inspectionUI: {fileID: 1809277468164578775}
  interactableInformationText: {fileID: 2320895229288630192}
  interactButton: {fileID: 2320895229629273026}
  keyCodeInput: {fileID: 1809277467033604021}
  inspectionObjectInfoScroll: {fileID: 1809277466795284269}
  inspectionObjectDisplayCaseLock: {fileID: 1809277466448362245}
  inspectionObjectSteampunkBook: {fileID: 1809277466953652898}
  inspectionObjectScrollWithRune: {fileID: 1809277468155107679}
--- !u!114 &4270916924185876215
MonoBehaviour:
  m_ObjectHideFlags: 0
  m_CorrespondingSourceObject: {fileID: 0}
  m_PrefabInstance: {fileID: 0}
  m_PrefabAsset: {fileID: 0}
  m_GameObject: {fileID: 4270916924185876210}
  m_Enabled: 1
  m_EditorHideFlags: 0
  m_Script: {fileID: 11500000, guid: 6ad25fac5d6a4ef998689c150992f568, type: 3}
  m_Name: 
  m_EditorClassIdentifier: 
  availableRunes:
  - {fileID: 1136147498967799866, guid: d7ea1848c18494d43a77b57caab5b85c, type: 3}
  - {fileID: 6561789016590706112, guid: 77ad846412f9dd04a88e810c8dc6d46b, type: 3}
  - {fileID: 4919977542240603910, guid: 873e35eae30689b4ea1b47764a0efa72, type: 3}
  - {fileID: 7087120363963438872, guid: 8a0be29b54540614caa1a636c2605dd5, type: 3}
  - {fileID: 2173313867599513299, guid: 9a1ab3a3d66bf96418dacb9579902e82, type: 3}
  - {fileID: 1849087400549470128, guid: faf1c91688461e441be13c203a0dcc59, type: 3}
  - {fileID: 1035089637971411705, guid: eecc6dbeb835a74498878c54bf920379, type: 3}
  runePositions:
  - {fileID: 2516420795655974524}
  - {fileID: 4000376802658795575}
  - {fileID: 7608534165984697240}
  - {fileID: 1574766271358920348}
--- !u!1 &4270916924240808315
GameObject:
  m_ObjectHideFlags: 0
  m_CorrespondingSourceObject: {fileID: 0}
  m_PrefabInstance: {fileID: 0}
  m_PrefabAsset: {fileID: 0}
  serializedVersion: 6
  m_Component:
  - component: {fileID: 4270916924240808319}
  - component: {fileID: 4270916924240808316}
  - component: {fileID: 4270916924240808317}
  - component: {fileID: 4270916924240808314}
  m_Layer: 0
  m_Name: InteractTrigger_DamagedRoom_Scroll
  m_TagString: Untagged
  m_Icon: {fileID: 0}
  m_NavMeshLayer: 0
  m_StaticEditorFlags: 0
  m_IsActive: 1
--- !u!4 &4270916924240808319
Transform:
  m_ObjectHideFlags: 0
  m_CorrespondingSourceObject: {fileID: 0}
  m_PrefabInstance: {fileID: 0}
  m_PrefabAsset: {fileID: 0}
  m_GameObject: {fileID: 4270916924240808315}
  m_LocalRotation: {x: -0, y: -0, z: -0, w: 1}
  m_LocalPosition: {x: -97.94284, y: 21.635494, z: 48.91179}
  m_LocalScale: {x: 1, y: 1, z: 1}
  m_ConstrainProportionsScale: 0
  m_Children: []
  m_Father: {fileID: 4270916924185876213}
  m_RootOrder: 3
  m_LocalEulerAnglesHint: {x: 0, y: 0, z: 0}
--- !u!65 &4270916924240808316
BoxCollider:
  m_ObjectHideFlags: 0
  m_CorrespondingSourceObject: {fileID: 0}
  m_PrefabInstance: {fileID: 0}
  m_PrefabAsset: {fileID: 0}
  m_GameObject: {fileID: 4270916924240808315}
  m_Material: {fileID: 0}
  m_IsTrigger: 1
  m_Enabled: 1
  serializedVersion: 2
  m_Size: {x: 5.8351135, y: 6.7551336, z: 7.50325}
  m_Center: {x: -0.7058258, y: -5.1750073, z: 7.4082108}
--- !u!54 &4270916924240808317
Rigidbody:
  m_ObjectHideFlags: 0
  m_CorrespondingSourceObject: {fileID: 0}
  m_PrefabInstance: {fileID: 0}
  m_PrefabAsset: {fileID: 0}
  m_GameObject: {fileID: 4270916924240808315}
  serializedVersion: 2
  m_Mass: 1
  m_Drag: 0
  m_AngularDrag: 0.05
  m_UseGravity: 1
  m_IsKinematic: 1
  m_Interpolate: 0
  m_Constraints: 0
  m_CollisionDetection: 0
--- !u!114 &4270916924240808314
MonoBehaviour:
  m_ObjectHideFlags: 0
  m_CorrespondingSourceObject: {fileID: 0}
  m_PrefabInstance: {fileID: 0}
  m_PrefabAsset: {fileID: 0}
  m_GameObject: {fileID: 4270916924240808315}
  m_Enabled: 1
  m_EditorHideFlags: 0
  m_Script: {fileID: 11500000, guid: d1a48c0846f54ce79ab853f1f1f0acd7, type: 3}
  m_Name: 
  m_EditorClassIdentifier: 
  _puzzleRoomController: {fileID: 4270916924185876212}
  interactable: {fileID: 4000376803226481815}
--- !u!1 &6878462291879472945
GameObject:
  m_ObjectHideFlags: 0
  m_CorrespondingSourceObject: {fileID: 0}
  m_PrefabInstance: {fileID: 0}
  m_PrefabAsset: {fileID: 0}
  serializedVersion: 6
  m_Component:
  - component: {fileID: 6945159017962930541}
  - component: {fileID: 1793545924213099529}
  - component: {fileID: 345637485271243243}
  m_Layer: 0
  m_Name: Exit_Trigger
  m_TagString: Untagged
  m_Icon: {fileID: 0}
  m_NavMeshLayer: 0
  m_StaticEditorFlags: 0
  m_IsActive: 1
--- !u!4 &6945159017962930541
Transform:
  m_ObjectHideFlags: 0
  m_CorrespondingSourceObject: {fileID: 0}
  m_PrefabInstance: {fileID: 0}
  m_PrefabAsset: {fileID: 0}
  m_GameObject: {fileID: 6878462291879472945}
  m_LocalRotation: {x: -0, y: -0, z: -0, w: 1}
  m_LocalPosition: {x: 6.38, y: 5, z: 112.3}
  m_LocalScale: {x: 1, y: 1, z: 1}
  m_ConstrainProportionsScale: 0
  m_Children: []
  m_Father: {fileID: 4270916924090086635}
  m_RootOrder: 12
  m_LocalEulerAnglesHint: {x: 0, y: 0, z: 0}
--- !u!114 &1793545924213099529
MonoBehaviour:
  m_ObjectHideFlags: 0
  m_CorrespondingSourceObject: {fileID: 0}
  m_PrefabInstance: {fileID: 0}
  m_PrefabAsset: {fileID: 0}
  m_GameObject: {fileID: 6878462291879472945}
  m_Enabled: 1
  m_EditorHideFlags: 0
  m_Script: {fileID: 11500000, guid: 8a3b10d1f17c4ab4e8f9f40b4d739eb8, type: 3}
  m_Name: 
  m_EditorClassIdentifier: 
--- !u!65 &345637485271243243
BoxCollider:
  m_ObjectHideFlags: 0
  m_CorrespondingSourceObject: {fileID: 0}
  m_PrefabInstance: {fileID: 0}
  m_PrefabAsset: {fileID: 0}
  m_GameObject: {fileID: 6878462291879472945}
  m_Material: {fileID: 0}
  m_IsTrigger: 1
  m_Enabled: 1
  serializedVersion: 2
  m_Size: {x: 20, y: 10, z: 3}
  m_Center: {x: 0, y: 0, z: 0}
--- !u!1001 &94225542836566746
PrefabInstance:
  m_ObjectHideFlags: 0
  serializedVersion: 2
  m_Modification:
    m_TransformParent: {fileID: 4270916924090086635}
    m_Modifications:
    - target: {fileID: 2412724660015917537, guid: 48c7644b90e56e94eb1352cc75295042, type: 3}
      propertyPath: m_Pivot.x
      value: 0
      objectReference: {fileID: 0}
    - target: {fileID: 2412724660015917537, guid: 48c7644b90e56e94eb1352cc75295042, type: 3}
      propertyPath: m_Pivot.y
      value: 0
      objectReference: {fileID: 0}
    - target: {fileID: 2412724660015917537, guid: 48c7644b90e56e94eb1352cc75295042, type: 3}
      propertyPath: m_RootOrder
      value: 11
      objectReference: {fileID: 0}
    - target: {fileID: 2412724660015917537, guid: 48c7644b90e56e94eb1352cc75295042, type: 3}
      propertyPath: m_AnchorMax.x
      value: 0
      objectReference: {fileID: 0}
    - target: {fileID: 2412724660015917537, guid: 48c7644b90e56e94eb1352cc75295042, type: 3}
      propertyPath: m_AnchorMax.y
      value: 0
      objectReference: {fileID: 0}
    - target: {fileID: 2412724660015917537, guid: 48c7644b90e56e94eb1352cc75295042, type: 3}
      propertyPath: m_AnchorMin.x
      value: 0
      objectReference: {fileID: 0}
    - target: {fileID: 2412724660015917537, guid: 48c7644b90e56e94eb1352cc75295042, type: 3}
      propertyPath: m_AnchorMin.y
      value: 0
      objectReference: {fileID: 0}
    - target: {fileID: 2412724660015917537, guid: 48c7644b90e56e94eb1352cc75295042, type: 3}
      propertyPath: m_SizeDelta.x
      value: 0
      objectReference: {fileID: 0}
    - target: {fileID: 2412724660015917537, guid: 48c7644b90e56e94eb1352cc75295042, type: 3}
      propertyPath: m_SizeDelta.y
      value: 0
      objectReference: {fileID: 0}
    - target: {fileID: 2412724660015917537, guid: 48c7644b90e56e94eb1352cc75295042, type: 3}
      propertyPath: m_LocalPosition.x
      value: 0
      objectReference: {fileID: 0}
    - target: {fileID: 2412724660015917537, guid: 48c7644b90e56e94eb1352cc75295042, type: 3}
      propertyPath: m_LocalPosition.y
      value: 0
      objectReference: {fileID: 0}
    - target: {fileID: 2412724660015917537, guid: 48c7644b90e56e94eb1352cc75295042, type: 3}
      propertyPath: m_LocalPosition.z
      value: 0
      objectReference: {fileID: 0}
    - target: {fileID: 2412724660015917537, guid: 48c7644b90e56e94eb1352cc75295042, type: 3}
      propertyPath: m_LocalRotation.w
      value: 1
      objectReference: {fileID: 0}
    - target: {fileID: 2412724660015917537, guid: 48c7644b90e56e94eb1352cc75295042, type: 3}
      propertyPath: m_LocalRotation.x
      value: 0
      objectReference: {fileID: 0}
    - target: {fileID: 2412724660015917537, guid: 48c7644b90e56e94eb1352cc75295042, type: 3}
      propertyPath: m_LocalRotation.y
      value: 0
      objectReference: {fileID: 0}
    - target: {fileID: 2412724660015917537, guid: 48c7644b90e56e94eb1352cc75295042, type: 3}
      propertyPath: m_LocalRotation.z
      value: 0
      objectReference: {fileID: 0}
    - target: {fileID: 2412724660015917537, guid: 48c7644b90e56e94eb1352cc75295042, type: 3}
      propertyPath: m_AnchoredPosition.x
      value: 0
      objectReference: {fileID: 0}
    - target: {fileID: 2412724660015917537, guid: 48c7644b90e56e94eb1352cc75295042, type: 3}
      propertyPath: m_AnchoredPosition.y
      value: 0
      objectReference: {fileID: 0}
    - target: {fileID: 2412724660015917537, guid: 48c7644b90e56e94eb1352cc75295042, type: 3}
      propertyPath: m_LocalEulerAnglesHint.x
      value: 0
      objectReference: {fileID: 0}
    - target: {fileID: 2412724660015917537, guid: 48c7644b90e56e94eb1352cc75295042, type: 3}
      propertyPath: m_LocalEulerAnglesHint.y
      value: 0
      objectReference: {fileID: 0}
    - target: {fileID: 2412724660015917537, guid: 48c7644b90e56e94eb1352cc75295042, type: 3}
      propertyPath: m_LocalEulerAnglesHint.z
      value: 0
      objectReference: {fileID: 0}
    - target: {fileID: 2412724660015917549, guid: 48c7644b90e56e94eb1352cc75295042, type: 3}
      propertyPath: m_Name
      value: InteractCanvas
      objectReference: {fileID: 0}
    - target: {fileID: 2412724660621409164, guid: 48c7644b90e56e94eb1352cc75295042, type: 3}
      propertyPath: m_fontSize
      value: 18
      objectReference: {fileID: 0}
    - target: {fileID: 2412724661393522024, guid: 48c7644b90e56e94eb1352cc75295042, type: 3}
      propertyPath: m_IsActive
      value: 0
      objectReference: {fileID: 0}
    - target: {fileID: 2412724661868752253, guid: 48c7644b90e56e94eb1352cc75295042, type: 3}
      propertyPath: m_IsActive
      value: 0
      objectReference: {fileID: 0}
    m_RemovedComponents: []
  m_SourcePrefab: {fileID: 100100000, guid: 48c7644b90e56e94eb1352cc75295042, type: 3}
--- !u!114 &2320895229288630192 stripped
MonoBehaviour:
  m_CorrespondingSourceObject: {fileID: 2412724661393522026, guid: 48c7644b90e56e94eb1352cc75295042, type: 3}
  m_PrefabInstance: {fileID: 94225542836566746}
  m_PrefabAsset: {fileID: 0}
  m_GameObject: {fileID: 0}
  m_Enabled: 1
  m_EditorHideFlags: 0
  m_Script: {fileID: 11500000, guid: fe87c0e1cc204ed48ad3b37840f39efc, type: 3}
  m_Name: 
  m_EditorClassIdentifier: 
--- !u!1 &2320895229629273026 stripped
GameObject:
  m_CorrespondingSourceObject: {fileID: 2412724661465458968, guid: 48c7644b90e56e94eb1352cc75295042, type: 3}
  m_PrefabInstance: {fileID: 94225542836566746}
  m_PrefabAsset: {fileID: 0}
--- !u!224 &2320895230059500347 stripped
RectTransform:
  m_CorrespondingSourceObject: {fileID: 2412724660015917537, guid: 48c7644b90e56e94eb1352cc75295042, type: 3}
  m_PrefabInstance: {fileID: 94225542836566746}
  m_PrefabAsset: {fileID: 0}
--- !u!1 &3013114782521597420 stripped
GameObject:
  m_CorrespondingSourceObject: {fileID: 2926911291822384950, guid: 48c7644b90e56e94eb1352cc75295042, type: 3}
  m_PrefabInstance: {fileID: 94225542836566746}
  m_PrefabAsset: {fileID: 0}
--- !u!1001 &814571385269046523
PrefabInstance:
  m_ObjectHideFlags: 0
  serializedVersion: 2
  m_Modification:
    m_TransformParent: {fileID: 4270916924090086635}
    m_Modifications:
    - target: {fileID: 3461201083119561853, guid: dc8a1e17a743bd34ab7b0bcc474ab253, type: 3}
      propertyPath: m_Name
      value: Puzzle_Room_Main_Hall
      objectReference: {fileID: 0}
    - target: {fileID: 6110901681573293776, guid: dc8a1e17a743bd34ab7b0bcc474ab253, type: 3}
      propertyPath: m_RootOrder
      value: 4
      objectReference: {fileID: 0}
    - target: {fileID: 6110901681573293776, guid: dc8a1e17a743bd34ab7b0bcc474ab253, type: 3}
      propertyPath: m_LocalPosition.x
      value: -74.82798
      objectReference: {fileID: 0}
    - target: {fileID: 6110901681573293776, guid: dc8a1e17a743bd34ab7b0bcc474ab253, type: 3}
      propertyPath: m_LocalPosition.y
      value: -63.430817
      objectReference: {fileID: 0}
    - target: {fileID: 6110901681573293776, guid: dc8a1e17a743bd34ab7b0bcc474ab253, type: 3}
      propertyPath: m_LocalPosition.z
      value: -0.5510864
      objectReference: {fileID: 0}
    - target: {fileID: 6110901681573293776, guid: dc8a1e17a743bd34ab7b0bcc474ab253, type: 3}
      propertyPath: m_LocalRotation.w
      value: 1
      objectReference: {fileID: 0}
    - target: {fileID: 6110901681573293776, guid: dc8a1e17a743bd34ab7b0bcc474ab253, type: 3}
      propertyPath: m_LocalRotation.x
      value: -0
      objectReference: {fileID: 0}
    - target: {fileID: 6110901681573293776, guid: dc8a1e17a743bd34ab7b0bcc474ab253, type: 3}
      propertyPath: m_LocalRotation.y
      value: -0
      objectReference: {fileID: 0}
    - target: {fileID: 6110901681573293776, guid: dc8a1e17a743bd34ab7b0bcc474ab253, type: 3}
      propertyPath: m_LocalRotation.z
      value: -0
      objectReference: {fileID: 0}
    - target: {fileID: 6110901681573293776, guid: dc8a1e17a743bd34ab7b0bcc474ab253, type: 3}
      propertyPath: m_LocalEulerAnglesHint.x
      value: 0
      objectReference: {fileID: 0}
    - target: {fileID: 6110901681573293776, guid: dc8a1e17a743bd34ab7b0bcc474ab253, type: 3}
      propertyPath: m_LocalEulerAnglesHint.y
      value: 0
      objectReference: {fileID: 0}
    - target: {fileID: 6110901681573293776, guid: dc8a1e17a743bd34ab7b0bcc474ab253, type: 3}
      propertyPath: m_LocalEulerAnglesHint.z
      value: 0
      objectReference: {fileID: 0}
    m_RemovedComponents: []
  m_SourcePrefab: {fileID: 100100000, guid: dc8a1e17a743bd34ab7b0bcc474ab253, type: 3}
--- !u!1 &4270916922442245502 stripped
GameObject:
  m_CorrespondingSourceObject: {fileID: 3461201082665347461, guid: dc8a1e17a743bd34ab7b0bcc474ab253, type: 3}
  m_PrefabInstance: {fileID: 814571385269046523}
  m_PrefabAsset: {fileID: 0}
--- !u!1 &4270916923254587800 stripped
GameObject:
  m_CorrespondingSourceObject: {fileID: 3461201082404015459, guid: dc8a1e17a743bd34ab7b0bcc474ab253, type: 3}
  m_PrefabInstance: {fileID: 814571385269046523}
  m_PrefabAsset: {fileID: 0}
--- !u!114 &1205441789026688256
MonoBehaviour:
  m_ObjectHideFlags: 0
  m_CorrespondingSourceObject: {fileID: 0}
  m_PrefabInstance: {fileID: 0}
  m_PrefabAsset: {fileID: 0}
  m_GameObject: {fileID: 4270916923254587800}
  m_Enabled: 1
  m_EditorHideFlags: 0
  m_Script: {fileID: 11500000, guid: 6c2a121625cdb0241aa3798b6f153f54, type: 3}
  m_Name: 
  m_EditorClassIdentifier: 
  spawnPosition: {fileID: 3199408835175190582}
  player: {fileID: 0}
  TaskText: Finde einen Weg aus dem Raum zu entkommen.
--- !u!4 &4270916923254587803 stripped
Transform:
  m_CorrespondingSourceObject: {fileID: 3461201082404015456, guid: dc8a1e17a743bd34ab7b0bcc474ab253, type: 3}
  m_PrefabInstance: {fileID: 814571385269046523}
  m_PrefabAsset: {fileID: 0}
--- !u!1 &4270916923523996961 stripped
GameObject:
  m_CorrespondingSourceObject: {fileID: 3461201081599709658, guid: dc8a1e17a743bd34ab7b0bcc474ab253, type: 3}
  m_PrefabInstance: {fileID: 814571385269046523}
  m_PrefabAsset: {fileID: 0}
--- !u!4 &6882547963142054443 stripped
Transform:
  m_CorrespondingSourceObject: {fileID: 6110901681573293776, guid: dc8a1e17a743bd34ab7b0bcc474ab253, type: 3}
  m_PrefabInstance: {fileID: 814571385269046523}
  m_PrefabAsset: {fileID: 0}
--- !u!1001 &1273640439115189842
PrefabInstance:
  m_ObjectHideFlags: 0
  serializedVersion: 2
  m_Modification:
    m_TransformParent: {fileID: 4270916924090086635}
    m_Modifications:
    - target: {fileID: 3092206489607242433, guid: 996092ac1db1de74cb9eb48c248dd43c, type: 3}
      propertyPath: m_RootOrder
      value: 6
      objectReference: {fileID: 0}
    - target: {fileID: 3092206489607242433, guid: 996092ac1db1de74cb9eb48c248dd43c, type: 3}
      propertyPath: m_LocalPosition.x
      value: 102.29878
      objectReference: {fileID: 0}
    - target: {fileID: 3092206489607242433, guid: 996092ac1db1de74cb9eb48c248dd43c, type: 3}
      propertyPath: m_LocalPosition.y
      value: -20.426971
      objectReference: {fileID: 0}
    - target: {fileID: 3092206489607242433, guid: 996092ac1db1de74cb9eb48c248dd43c, type: 3}
      propertyPath: m_LocalPosition.z
      value: 63.468018
      objectReference: {fileID: 0}
    - target: {fileID: 3092206489607242433, guid: 996092ac1db1de74cb9eb48c248dd43c, type: 3}
      propertyPath: m_LocalRotation.w
      value: 1
      objectReference: {fileID: 0}
    - target: {fileID: 3092206489607242433, guid: 996092ac1db1de74cb9eb48c248dd43c, type: 3}
      propertyPath: m_LocalRotation.x
      value: -0
      objectReference: {fileID: 0}
    - target: {fileID: 3092206489607242433, guid: 996092ac1db1de74cb9eb48c248dd43c, type: 3}
      propertyPath: m_LocalRotation.y
      value: -0
      objectReference: {fileID: 0}
    - target: {fileID: 3092206489607242433, guid: 996092ac1db1de74cb9eb48c248dd43c, type: 3}
      propertyPath: m_LocalRotation.z
      value: -0
      objectReference: {fileID: 0}
    - target: {fileID: 3092206489607242433, guid: 996092ac1db1de74cb9eb48c248dd43c, type: 3}
      propertyPath: m_LocalEulerAnglesHint.x
      value: 0
      objectReference: {fileID: 0}
    - target: {fileID: 3092206489607242433, guid: 996092ac1db1de74cb9eb48c248dd43c, type: 3}
      propertyPath: m_LocalEulerAnglesHint.y
      value: 0
      objectReference: {fileID: 0}
    - target: {fileID: 3092206489607242433, guid: 996092ac1db1de74cb9eb48c248dd43c, type: 3}
      propertyPath: m_LocalEulerAnglesHint.z
      value: 0
      objectReference: {fileID: 0}
    - target: {fileID: 3092206489607242434, guid: 996092ac1db1de74cb9eb48c248dd43c, type: 3}
      propertyPath: m_Name
      value: Puzzle_Room_Round_Energy
      objectReference: {fileID: 0}
    m_RemovedComponents: []
  m_SourcePrefab: {fileID: 100100000, guid: 996092ac1db1de74cb9eb48c248dd43c, type: 3}
--- !u!1 &3650875725361711929 stripped
GameObject:
  m_CorrespondingSourceObject: {fileID: 2523815804340831595, guid: 996092ac1db1de74cb9eb48c248dd43c, type: 3}
  m_PrefabInstance: {fileID: 1273640439115189842}
  m_PrefabAsset: {fileID: 0}
--- !u!4 &4270916924134263955 stripped
Transform:
  m_CorrespondingSourceObject: {fileID: 3092206489607242433, guid: 996092ac1db1de74cb9eb48c248dd43c, type: 3}
  m_PrefabInstance: {fileID: 1273640439115189842}
  m_PrefabAsset: {fileID: 0}
--- !u!1001 &2034490921704773866
PrefabInstance:
  m_ObjectHideFlags: 0
  serializedVersion: 2
  m_Modification:
    m_TransformParent: {fileID: 4270916924090086635}
    m_Modifications:
    - target: {fileID: 2845904320587963364, guid: e0cd6a2c1343ce149b2793e050282ae7, type: 3}
      propertyPath: m_Name
      value: Puzzle_Room_Corridors
      objectReference: {fileID: 0}
    - target: {fileID: 2845904320587963371, guid: e0cd6a2c1343ce149b2793e050282ae7, type: 3}
      propertyPath: m_RootOrder
      value: 8
      objectReference: {fileID: 0}
    - target: {fileID: 2845904320587963371, guid: e0cd6a2c1343ce149b2793e050282ae7, type: 3}
      propertyPath: m_LocalPosition.x
      value: 56.8038
      objectReference: {fileID: 0}
    - target: {fileID: 2845904320587963371, guid: e0cd6a2c1343ce149b2793e050282ae7, type: 3}
      propertyPath: m_LocalPosition.y
      value: -0.0019836426
      objectReference: {fileID: 0}
    - target: {fileID: 2845904320587963371, guid: e0cd6a2c1343ce149b2793e050282ae7, type: 3}
      propertyPath: m_LocalPosition.z
      value: 82.71808
      objectReference: {fileID: 0}
    - target: {fileID: 2845904320587963371, guid: e0cd6a2c1343ce149b2793e050282ae7, type: 3}
      propertyPath: m_LocalRotation.w
      value: 1
      objectReference: {fileID: 0}
    - target: {fileID: 2845904320587963371, guid: e0cd6a2c1343ce149b2793e050282ae7, type: 3}
      propertyPath: m_LocalRotation.x
      value: -0
      objectReference: {fileID: 0}
    - target: {fileID: 2845904320587963371, guid: e0cd6a2c1343ce149b2793e050282ae7, type: 3}
      propertyPath: m_LocalRotation.y
      value: -0
      objectReference: {fileID: 0}
    - target: {fileID: 2845904320587963371, guid: e0cd6a2c1343ce149b2793e050282ae7, type: 3}
      propertyPath: m_LocalRotation.z
      value: -0
      objectReference: {fileID: 0}
    - target: {fileID: 2845904320587963371, guid: e0cd6a2c1343ce149b2793e050282ae7, type: 3}
      propertyPath: m_LocalEulerAnglesHint.x
      value: 0
      objectReference: {fileID: 0}
    - target: {fileID: 2845904320587963371, guid: e0cd6a2c1343ce149b2793e050282ae7, type: 3}
      propertyPath: m_LocalEulerAnglesHint.y
      value: 0
      objectReference: {fileID: 0}
    - target: {fileID: 2845904320587963371, guid: e0cd6a2c1343ce149b2793e050282ae7, type: 3}
      propertyPath: m_LocalEulerAnglesHint.z
      value: 0
      objectReference: {fileID: 0}
    - target: {fileID: 4449688009243741090, guid: e0cd6a2c1343ce149b2793e050282ae7, type: 3}
      propertyPath: m_LocalPosition.x
      value: 0
      objectReference: {fileID: 0}
    - target: {fileID: 4449688009243741090, guid: e0cd6a2c1343ce149b2793e050282ae7, type: 3}
      propertyPath: m_LocalPosition.y
      value: -0.125
      objectReference: {fileID: 0}
    - target: {fileID: 7245995735667164460, guid: e0cd6a2c1343ce149b2793e050282ae7, type: 3}
      propertyPath: soundEmitterObject
      value: 
      objectReference: {fileID: 3930802475638128225}
    - target: {fileID: 7245995735709540533, guid: e0cd6a2c1343ce149b2793e050282ae7, type: 3}
      propertyPath: soundEmitterObject
      value: 
      objectReference: {fileID: 3930802475597782008}
    - target: {fileID: 7245995735817822038, guid: e0cd6a2c1343ce149b2793e050282ae7, type: 3}
      propertyPath: soundEmitterObject
      value: 
      objectReference: {fileID: 3930802475252556827}
    - target: {fileID: 7245995735902595745, guid: e0cd6a2c1343ce149b2793e050282ae7, type: 3}
      propertyPath: soundEmitterObject
      value: 
      objectReference: {fileID: 3930802475404431852}
    - target: {fileID: 7245995736083032156, guid: e0cd6a2c1343ce149b2793e050282ae7, type: 3}
      propertyPath: soundEmitterObject
      value: 
      objectReference: {fileID: 3930802474989146897}
    - target: {fileID: 7245995736212314948, guid: e0cd6a2c1343ce149b2793e050282ae7, type: 3}
      propertyPath: soundEmitterObject
      value: 
      objectReference: {fileID: 3930802475092877321}
    - target: {fileID: 7245995736946570319, guid: e0cd6a2c1343ce149b2793e050282ae7, type: 3}
      propertyPath: soundEmitterObject
      value: 
      objectReference: {fileID: 3930802474360557314}
    - target: {fileID: 7245995736998701592, guid: e0cd6a2c1343ce149b2793e050282ae7, type: 3}
      propertyPath: soundEmitterObject
      value: 
      objectReference: {fileID: 3930802474335621461}
    - target: {fileID: 7245995737470875197, guid: e0cd6a2c1343ce149b2793e050282ae7, type: 3}
      propertyPath: soundEmitterObject
      value: 
      objectReference: {fileID: 3930802473601535344}
    m_RemovedComponents: []
  m_SourcePrefab: {fileID: 100100000, guid: e0cd6a2c1343ce149b2793e050282ae7, type: 3}
--- !u!1 &3930802473601535344 stripped
GameObject:
  m_CorrespondingSourceObject: {fileID: 3077914236568425882, guid: e0cd6a2c1343ce149b2793e050282ae7, type: 3}
  m_PrefabInstance: {fileID: 2034490921704773866}
  m_PrefabAsset: {fileID: 0}
--- !u!1 &3930802474335621461 stripped
GameObject:
  m_CorrespondingSourceObject: {fileID: 3077914236907162047, guid: e0cd6a2c1343ce149b2793e050282ae7, type: 3}
  m_PrefabInstance: {fileID: 2034490921704773866}
  m_PrefabAsset: {fileID: 0}
--- !u!1 &3930802474360557314 stripped
GameObject:
  m_CorrespondingSourceObject: {fileID: 3077914236849264616, guid: e0cd6a2c1343ce149b2793e050282ae7, type: 3}
  m_PrefabInstance: {fileID: 2034490921704773866}
  m_PrefabAsset: {fileID: 0}
--- !u!1 &3930802474989146897 stripped
GameObject:
  m_CorrespondingSourceObject: {fileID: 3077914235717291003, guid: e0cd6a2c1343ce149b2793e050282ae7, type: 3}
  m_PrefabInstance: {fileID: 2034490921704773866}
  m_PrefabAsset: {fileID: 0}
--- !u!1 &3930802475092877321 stripped
GameObject:
  m_CorrespondingSourceObject: {fileID: 3077914235579889891, guid: e0cd6a2c1343ce149b2793e050282ae7, type: 3}
  m_PrefabInstance: {fileID: 2034490921704773866}
  m_PrefabAsset: {fileID: 0}
--- !u!1 &3930802475252556827 stripped
GameObject:
  m_CorrespondingSourceObject: {fileID: 3077914235991227633, guid: e0cd6a2c1343ce149b2793e050282ae7, type: 3}
  m_PrefabInstance: {fileID: 2034490921704773866}
  m_PrefabAsset: {fileID: 0}
--- !u!1 &3930802475404431852 stripped
GameObject:
  m_CorrespondingSourceObject: {fileID: 3077914235805452550, guid: e0cd6a2c1343ce149b2793e050282ae7, type: 3}
  m_PrefabInstance: {fileID: 2034490921704773866}
  m_PrefabAsset: {fileID: 0}
--- !u!1 &3930802475597782008 stripped
GameObject:
  m_CorrespondingSourceObject: {fileID: 3077914236148712210, guid: e0cd6a2c1343ce149b2793e050282ae7, type: 3}
  m_PrefabInstance: {fileID: 2034490921704773866}
  m_PrefabAsset: {fileID: 0}
--- !u!1 &3930802475638128225 stripped
GameObject:
  m_CorrespondingSourceObject: {fileID: 3077914236108318347, guid: e0cd6a2c1343ce149b2793e050282ae7, type: 3}
  m_PrefabInstance: {fileID: 2034490921704773866}
  m_PrefabAsset: {fileID: 0}
--- !u!4 &4270916924191097601 stripped
Transform:
  m_CorrespondingSourceObject: {fileID: 2845904320587963371, guid: e0cd6a2c1343ce149b2793e050282ae7, type: 3}
  m_PrefabInstance: {fileID: 2034490921704773866}
  m_PrefabAsset: {fileID: 0}
--- !u!1001 &2689333310385529750
PrefabInstance:
  m_ObjectHideFlags: 0
  serializedVersion: 2
  m_Modification:
    m_TransformParent: {fileID: 4270916924090086635}
    m_Modifications:
    - target: {fileID: 2168261350976758354, guid: b7f508159afaca54483e24d68f4db44b, type: 3}
      propertyPath: m_RootOrder
      value: 7
      objectReference: {fileID: 0}
    - target: {fileID: 2168261350976758354, guid: b7f508159afaca54483e24d68f4db44b, type: 3}
      propertyPath: m_LocalPosition.x
      value: -69.37119
      objectReference: {fileID: 0}
    - target: {fileID: 2168261350976758354, guid: b7f508159afaca54483e24d68f4db44b, type: 3}
      propertyPath: m_LocalPosition.y
      value: 12.798035
      objectReference: {fileID: 0}
    - target: {fileID: 2168261350976758354, guid: b7f508159afaca54483e24d68f4db44b, type: 3}
      propertyPath: m_LocalPosition.z
      value: 95.41803
      objectReference: {fileID: 0}
    - target: {fileID: 2168261350976758354, guid: b7f508159afaca54483e24d68f4db44b, type: 3}
      propertyPath: m_LocalRotation.w
      value: 1
      objectReference: {fileID: 0}
    - target: {fileID: 2168261350976758354, guid: b7f508159afaca54483e24d68f4db44b, type: 3}
      propertyPath: m_LocalRotation.x
      value: -0
      objectReference: {fileID: 0}
    - target: {fileID: 2168261350976758354, guid: b7f508159afaca54483e24d68f4db44b, type: 3}
      propertyPath: m_LocalRotation.y
      value: -0
      objectReference: {fileID: 0}
    - target: {fileID: 2168261350976758354, guid: b7f508159afaca54483e24d68f4db44b, type: 3}
      propertyPath: m_LocalRotation.z
      value: -0
      objectReference: {fileID: 0}
    - target: {fileID: 2168261350976758354, guid: b7f508159afaca54483e24d68f4db44b, type: 3}
      propertyPath: m_LocalEulerAnglesHint.x
      value: 0
      objectReference: {fileID: 0}
    - target: {fileID: 2168261350976758354, guid: b7f508159afaca54483e24d68f4db44b, type: 3}
      propertyPath: m_LocalEulerAnglesHint.y
      value: 0
      objectReference: {fileID: 0}
    - target: {fileID: 2168261350976758354, guid: b7f508159afaca54483e24d68f4db44b, type: 3}
      propertyPath: m_LocalEulerAnglesHint.z
      value: 0
      objectReference: {fileID: 0}
    - target: {fileID: 2168261350976758355, guid: b7f508159afaca54483e24d68f4db44b, type: 3}
      propertyPath: m_Name
      value: Puzzle_Room_Damaged
      objectReference: {fileID: 0}
    - target: {fileID: 6766493960812470211, guid: b7f508159afaca54483e24d68f4db44b, type: 3}
      propertyPath: soundEmitterObject
      value: 
      objectReference: {fileID: 3930802474606092274}
    - target: {fileID: 6766493961426878121, guid: b7f508159afaca54483e24d68f4db44b, type: 3}
      propertyPath: soundEmitterObject
      value: 
      objectReference: {fileID: 3930802474683629208}
    - target: {fileID: 6766493961772235402, guid: b7f508159afaca54483e24d68f4db44b, type: 3}
      propertyPath: soundEmitterObject
      value: 
      objectReference: {fileID: 3930802475565628091}
    m_RemovedComponents: []
  m_SourcePrefab: {fileID: 100100000, guid: b7f508159afaca54483e24d68f4db44b, type: 3}
--- !u!1 &3930802474606092274 stripped
GameObject:
  m_CorrespondingSourceObject: {fileID: 1431980182464953444, guid: b7f508159afaca54483e24d68f4db44b, type: 3}
  m_PrefabInstance: {fileID: 2689333310385529750}
  m_PrefabAsset: {fileID: 0}
--- !u!1 &3930802474683629208 stripped
GameObject:
  m_CorrespondingSourceObject: {fileID: 1431980183880588558, guid: b7f508159afaca54483e24d68f4db44b, type: 3}
  m_PrefabInstance: {fileID: 2689333310385529750}
  m_PrefabAsset: {fileID: 0}
--- !u!1 &3930802475565628091 stripped
GameObject:
  m_CorrespondingSourceObject: {fileID: 1431980183693760813, guid: b7f508159afaca54483e24d68f4db44b, type: 3}
  m_PrefabInstance: {fileID: 2689333310385529750}
  m_PrefabAsset: {fileID: 0}
--- !u!1 &4000376803226481815 stripped
GameObject:
  m_CorrespondingSourceObject: {fileID: 1357377772101654273, guid: b7f508159afaca54483e24d68f4db44b, type: 3}
  m_PrefabInstance: {fileID: 2689333310385529750}
  m_PrefabAsset: {fileID: 0}
--- !u!4 &4270916923812348356 stripped
Transform:
  m_CorrespondingSourceObject: {fileID: 2168261350976758354, guid: b7f508159afaca54483e24d68f4db44b, type: 3}
  m_PrefabInstance: {fileID: 2689333310385529750}
  m_PrefabAsset: {fileID: 0}
--- !u!1001 &3327446199968337799
PrefabInstance:
  m_ObjectHideFlags: 0
  serializedVersion: 2
  m_Modification:
    m_TransformParent: {fileID: 4270916924090086635}
    m_Modifications:
    - target: {fileID: 1360816739039221002, guid: faf1c91688461e441be13c203a0dcc59, type: 3}
      propertyPath: m_RootOrder
      value: 3
      objectReference: {fileID: 0}
    - target: {fileID: 1360816739039221002, guid: faf1c91688461e441be13c203a0dcc59, type: 3}
      propertyPath: m_LocalPosition.x
      value: -106.59123
      objectReference: {fileID: 0}
    - target: {fileID: 1360816739039221002, guid: faf1c91688461e441be13c203a0dcc59, type: 3}
      propertyPath: m_LocalPosition.y
      value: 10.518005
      objectReference: {fileID: 0}
    - target: {fileID: 1360816739039221002, guid: faf1c91688461e441be13c203a0dcc59, type: 3}
      propertyPath: m_LocalPosition.z
      value: 33.098022
      objectReference: {fileID: 0}
    - target: {fileID: 1360816739039221002, guid: faf1c91688461e441be13c203a0dcc59, type: 3}
      propertyPath: m_LocalRotation.w
      value: 0.7071068
      objectReference: {fileID: 0}
    - target: {fileID: 1360816739039221002, guid: faf1c91688461e441be13c203a0dcc59, type: 3}
      propertyPath: m_LocalRotation.x
      value: 0.7071068
      objectReference: {fileID: 0}
    - target: {fileID: 1360816739039221002, guid: faf1c91688461e441be13c203a0dcc59, type: 3}
      propertyPath: m_LocalRotation.y
      value: -0
      objectReference: {fileID: 0}
    - target: {fileID: 1360816739039221002, guid: faf1c91688461e441be13c203a0dcc59, type: 3}
      propertyPath: m_LocalRotation.z
      value: -0
      objectReference: {fileID: 0}
    - target: {fileID: 1360816739039221002, guid: faf1c91688461e441be13c203a0dcc59, type: 3}
      propertyPath: m_LocalEulerAnglesHint.x
      value: 90
      objectReference: {fileID: 0}
    - target: {fileID: 1360816739039221002, guid: faf1c91688461e441be13c203a0dcc59, type: 3}
      propertyPath: m_LocalEulerAnglesHint.y
      value: 0
      objectReference: {fileID: 0}
    - target: {fileID: 1360816739039221002, guid: faf1c91688461e441be13c203a0dcc59, type: 3}
      propertyPath: m_LocalEulerAnglesHint.z
      value: 0
      objectReference: {fileID: 0}
    - target: {fileID: 1849087400549470128, guid: faf1c91688461e441be13c203a0dcc59, type: 3}
      propertyPath: m_Name
      value: Runes-Placeholder1_horizontal
      objectReference: {fileID: 0}
    - target: {fileID: 1849087400549470128, guid: faf1c91688461e441be13c203a0dcc59, type: 3}
      propertyPath: m_IsActive
      value: 0
      objectReference: {fileID: 0}
    m_RemovedComponents: []
  m_SourcePrefab: {fileID: 100100000, guid: faf1c91688461e441be13c203a0dcc59, type: 3}
--- !u!1 &4000376802658795575 stripped
GameObject:
  m_CorrespondingSourceObject: {fileID: 1849087400549470128, guid: faf1c91688461e441be13c203a0dcc59, type: 3}
  m_PrefabInstance: {fileID: 3327446199968337799}
  m_PrefabAsset: {fileID: 0}
--- !u!4 &4381968547060947597 stripped
Transform:
  m_CorrespondingSourceObject: {fileID: 1360816739039221002, guid: faf1c91688461e441be13c203a0dcc59, type: 3}
  m_PrefabInstance: {fileID: 3327446199968337799}
  m_PrefabAsset: {fileID: 0}
--- !u!1001 &4270916922957898188
PrefabInstance:
  m_ObjectHideFlags: 0
  serializedVersion: 2
  m_Modification:
    m_TransformParent: {fileID: 4270916924090086635}
    m_Modifications:
    - target: {fileID: 1360816739039221002, guid: faf1c91688461e441be13c203a0dcc59, type: 3}
      propertyPath: m_RootOrder
      value: 2
      objectReference: {fileID: 0}
    - target: {fileID: 1360816739039221002, guid: faf1c91688461e441be13c203a0dcc59, type: 3}
      propertyPath: m_LocalScale.x
      value: 1.5
      objectReference: {fileID: 0}
    - target: {fileID: 1360816739039221002, guid: faf1c91688461e441be13c203a0dcc59, type: 3}
      propertyPath: m_LocalScale.y
      value: 1.5
      objectReference: {fileID: 0}
    - target: {fileID: 1360816739039221002, guid: faf1c91688461e441be13c203a0dcc59, type: 3}
      propertyPath: m_LocalScale.z
      value: 1.5
      objectReference: {fileID: 0}
    - target: {fileID: 1360816739039221002, guid: faf1c91688461e441be13c203a0dcc59, type: 3}
      propertyPath: m_LocalPosition.x
      value: -106.616196
      objectReference: {fileID: 0}
    - target: {fileID: 1360816739039221002, guid: faf1c91688461e441be13c203a0dcc59, type: 3}
      propertyPath: m_LocalPosition.y
      value: 8.088013
      objectReference: {fileID: 0}
    - target: {fileID: 1360816739039221002, guid: faf1c91688461e441be13c203a0dcc59, type: 3}
      propertyPath: m_LocalPosition.z
      value: 32.643005
      objectReference: {fileID: 0}
    - target: {fileID: 1360816739039221002, guid: faf1c91688461e441be13c203a0dcc59, type: 3}
      propertyPath: m_LocalRotation.w
      value: 0
      objectReference: {fileID: 0}
    - target: {fileID: 1360816739039221002, guid: faf1c91688461e441be13c203a0dcc59, type: 3}
      propertyPath: m_LocalRotation.x
      value: -0
      objectReference: {fileID: 0}
    - target: {fileID: 1360816739039221002, guid: faf1c91688461e441be13c203a0dcc59, type: 3}
      propertyPath: m_LocalRotation.y
      value: 1
      objectReference: {fileID: 0}
    - target: {fileID: 1360816739039221002, guid: faf1c91688461e441be13c203a0dcc59, type: 3}
      propertyPath: m_LocalRotation.z
      value: -0
      objectReference: {fileID: 0}
    - target: {fileID: 1360816739039221002, guid: faf1c91688461e441be13c203a0dcc59, type: 3}
      propertyPath: m_LocalEulerAnglesHint.x
      value: 0
      objectReference: {fileID: 0}
    - target: {fileID: 1360816739039221002, guid: faf1c91688461e441be13c203a0dcc59, type: 3}
      propertyPath: m_LocalEulerAnglesHint.y
      value: 180
      objectReference: {fileID: 0}
    - target: {fileID: 1360816739039221002, guid: faf1c91688461e441be13c203a0dcc59, type: 3}
      propertyPath: m_LocalEulerAnglesHint.z
      value: 0
      objectReference: {fileID: 0}
    - target: {fileID: 1849087400549470128, guid: faf1c91688461e441be13c203a0dcc59, type: 3}
      propertyPath: m_Name
      value: Runes-Placeholder1_vertical
      objectReference: {fileID: 0}
    - target: {fileID: 1849087400549470128, guid: faf1c91688461e441be13c203a0dcc59, type: 3}
      propertyPath: m_IsActive
      value: 0
      objectReference: {fileID: 0}
    m_RemovedComponents: []
  m_SourcePrefab: {fileID: 100100000, guid: faf1c91688461e441be13c203a0dcc59, type: 3}
--- !u!1 &2516420795655974524 stripped
GameObject:
  m_CorrespondingSourceObject: {fileID: 1849087400549470128, guid: faf1c91688461e441be13c203a0dcc59, type: 3}
  m_PrefabInstance: {fileID: 4270916922957898188}
  m_PrefabAsset: {fileID: 0}
--- !u!4 &3001596156389799110 stripped
Transform:
  m_CorrespondingSourceObject: {fileID: 1360816739039221002, guid: faf1c91688461e441be13c203a0dcc59, type: 3}
  m_PrefabInstance: {fileID: 4270916922957898188}
  m_PrefabAsset: {fileID: 0}
--- !u!1001 &6286564757605765427
PrefabInstance:
  m_ObjectHideFlags: 0
  serializedVersion: 2
  m_Modification:
    m_TransformParent: {fileID: 4270916924090086635}
    m_Modifications:
    - target: {fileID: 2479033987729720565, guid: cdc48c75721168e44926ba747d0c93da, type: 3}
      propertyPath: soundEmitterObject
      value: 
      objectReference: {fileID: 2524143334791378726}
    - target: {fileID: 2479033988472727270, guid: cdc48c75721168e44926ba747d0c93da, type: 3}
      propertyPath: soundEmitterObject
      value: 
      objectReference: {fileID: 2524143335550063925}
    - target: {fileID: 2479033988968059464, guid: cdc48c75721168e44926ba747d0c93da, type: 3}
      propertyPath: soundEmitterObject
      value: 
      objectReference: {fileID: 2524143333881110939}
    - target: {fileID: 2479033988969983609, guid: cdc48c75721168e44926ba747d0c93da, type: 3}
      propertyPath: soundEmitterObject
      value: 
      objectReference: {fileID: 2524143333878799786}
    - target: {fileID: 2479033989141223541, guid: cdc48c75721168e44926ba747d0c93da, type: 3}
      propertyPath: soundEmitterObject
      value: 
      objectReference: {fileID: 2524143333514226598}
    - target: {fileID: 2479033989333585400, guid: cdc48c75721168e44926ba747d0c93da, type: 3}
      propertyPath: soundEmitterObject
      value: 
      objectReference: {fileID: 2524143334263488043}
    - target: {fileID: 3425930189890493656, guid: cdc48c75721168e44926ba747d0c93da, type: 3}
      propertyPath: soundEmitterObject
      value: 
      objectReference: {fileID: 3930802475242892876}
    - target: {fileID: 3425930190340533470, guid: cdc48c75721168e44926ba747d0c93da, type: 3}
      propertyPath: soundEmitterObject
      value: 
      objectReference: {fileID: 3930802473818201674}
    - target: {fileID: 3425930190392944828, guid: cdc48c75721168e44926ba747d0c93da, type: 3}
      propertyPath: soundEmitterObject
      value: 
      objectReference: {fileID: 3930802473799375400}
    - target: {fileID: 7816847105590884812, guid: cdc48c75721168e44926ba747d0c93da, type: 3}
      propertyPath: m_Name
      value: Puzzle_Room_Showcase
      objectReference: {fileID: 0}
    - target: {fileID: 7816847105590884813, guid: cdc48c75721168e44926ba747d0c93da, type: 3}
      propertyPath: m_RootOrder
      value: 5
      objectReference: {fileID: 0}
    - target: {fileID: 7816847105590884813, guid: cdc48c75721168e44926ba747d0c93da, type: 3}
      propertyPath: m_LocalPosition.x
      value: 43.923794
      objectReference: {fileID: 0}
    - target: {fileID: 7816847105590884813, guid: cdc48c75721168e44926ba747d0c93da, type: 3}
      propertyPath: m_LocalPosition.y
      value: -0.0019836426
      objectReference: {fileID: 0}
    - target: {fileID: 7816847105590884813, guid: cdc48c75721168e44926ba747d0c93da, type: 3}
      propertyPath: m_LocalPosition.z
      value: 146.11807
      objectReference: {fileID: 0}
    - target: {fileID: 7816847105590884813, guid: cdc48c75721168e44926ba747d0c93da, type: 3}
      propertyPath: m_LocalRotation.w
      value: 1
      objectReference: {fileID: 0}
    - target: {fileID: 7816847105590884813, guid: cdc48c75721168e44926ba747d0c93da, type: 3}
      propertyPath: m_LocalRotation.x
      value: -0
      objectReference: {fileID: 0}
    - target: {fileID: 7816847105590884813, guid: cdc48c75721168e44926ba747d0c93da, type: 3}
      propertyPath: m_LocalRotation.y
      value: -0
      objectReference: {fileID: 0}
    - target: {fileID: 7816847105590884813, guid: cdc48c75721168e44926ba747d0c93da, type: 3}
      propertyPath: m_LocalRotation.z
      value: -0
      objectReference: {fileID: 0}
    - target: {fileID: 7816847105590884813, guid: cdc48c75721168e44926ba747d0c93da, type: 3}
      propertyPath: m_LocalEulerAnglesHint.x
      value: 0
      objectReference: {fileID: 0}
    - target: {fileID: 7816847105590884813, guid: cdc48c75721168e44926ba747d0c93da, type: 3}
      propertyPath: m_LocalEulerAnglesHint.y
      value: 0
      objectReference: {fileID: 0}
    - target: {fileID: 7816847105590884813, guid: cdc48c75721168e44926ba747d0c93da, type: 3}
      propertyPath: m_LocalEulerAnglesHint.z
      value: 0
      objectReference: {fileID: 0}
    m_RemovedComponents: []
  m_SourcePrefab: {fileID: 100100000, guid: cdc48c75721168e44926ba747d0c93da, type: 3}
--- !u!1 &2524143333514226598 stripped
GameObject:
  m_CorrespondingSourceObject: {fileID: 8374957717338323605, guid: cdc48c75721168e44926ba747d0c93da, type: 3}
  m_PrefabInstance: {fileID: 6286564757605765427}
  m_PrefabAsset: {fileID: 0}
--- !u!1 &2524143333878799786 stripped
GameObject:
  m_CorrespondingSourceObject: {fileID: 8374957717635255449, guid: cdc48c75721168e44926ba747d0c93da, type: 3}
  m_PrefabInstance: {fileID: 6286564757605765427}
  m_PrefabAsset: {fileID: 0}
--- !u!1 &2524143333881110939 stripped
GameObject:
  m_CorrespondingSourceObject: {fileID: 8374957717637542056, guid: cdc48c75721168e44926ba747d0c93da, type: 3}
  m_PrefabInstance: {fileID: 6286564757605765427}
  m_PrefabAsset: {fileID: 0}
--- !u!1 &2524143334263488043 stripped
GameObject:
  m_CorrespondingSourceObject: {fileID: 8374957716994862872, guid: cdc48c75721168e44926ba747d0c93da, type: 3}
  m_PrefabInstance: {fileID: 6286564757605765427}
  m_PrefabAsset: {fileID: 0}
--- !u!1 &2524143334791378726 stripped
GameObject:
  m_CorrespondingSourceObject: {fileID: 8374957716467885589, guid: cdc48c75721168e44926ba747d0c93da, type: 3}
  m_PrefabInstance: {fileID: 6286564757605765427}
  m_PrefabAsset: {fileID: 0}
--- !u!1 &2524143335550063925 stripped
GameObject:
  m_CorrespondingSourceObject: {fileID: 8374957716136084486, guid: cdc48c75721168e44926ba747d0c93da, type: 3}
  m_PrefabInstance: {fileID: 6286564757605765427}
  m_PrefabAsset: {fileID: 0}
--- !u!1 &3930802473799375400 stripped
GameObject:
  m_CorrespondingSourceObject: {fileID: 7040068846662519579, guid: cdc48c75721168e44926ba747d0c93da, type: 3}
  m_PrefabInstance: {fileID: 6286564757605765427}
  m_PrefabAsset: {fileID: 0}
--- !u!1 &3930802473818201674 stripped
GameObject:
  m_CorrespondingSourceObject: {fileID: 7040068846614335353, guid: cdc48c75721168e44926ba747d0c93da, type: 3}
  m_PrefabInstance: {fileID: 6286564757605765427}
  m_PrefabAsset: {fileID: 0}
--- !u!1 &3930802475242892876 stripped
GameObject:
  m_CorrespondingSourceObject: {fileID: 7040068844815187839, guid: cdc48c75721168e44926ba747d0c93da, type: 3}
  m_PrefabInstance: {fileID: 6286564757605765427}
  m_PrefabAsset: {fileID: 0}
--- !u!4 &4270916922567829758 stripped
Transform:
  m_CorrespondingSourceObject: {fileID: 7816847105590884813, guid: cdc48c75721168e44926ba747d0c93da, type: 3}
  m_PrefabInstance: {fileID: 6286564757605765427}
  m_PrefabAsset: {fileID: 0}
--- !u!1 &4495339095282315848 stripped
GameObject:
  m_CorrespondingSourceObject: {fileID: 7592218225122648955, guid: cdc48c75721168e44926ba747d0c93da, type: 3}
  m_PrefabInstance: {fileID: 6286564757605765427}
  m_PrefabAsset: {fileID: 0}
--- !u!1001 &6636208226259758689
PrefabInstance:
  m_ObjectHideFlags: 0
  serializedVersion: 2
  m_Modification:
    m_TransformParent: {fileID: 4270916924090086635}
    m_Modifications:
    - target: {fileID: 2642918319211959259, guid: 7e8fe31af9b45394c8033638d6593861, type: 3}
      propertyPath: soundEmitterObject
      value: 
      objectReference: {fileID: 3930802475300937245}
    - target: {fileID: 2972830028713410277, guid: 7e8fe31af9b45394c8033638d6593861, type: 3}
      propertyPath: soundEmitterObject
      value: 
      objectReference: {fileID: 2524143333451985508}
    - target: {fileID: 2972830030510123410, guid: 7e8fe31af9b45394c8033638d6593861, type: 3}
      propertyPath: soundEmitterObject
      value: 
      objectReference: {fileID: 2524143335416505619}
    - target: {fileID: 7448342904227859411, guid: 7e8fe31af9b45394c8033638d6593861, type: 3}
      propertyPath: m_Name
      value: Puzzle_Room_Pillars
      objectReference: {fileID: 0}
    - target: {fileID: 7448342904227859412, guid: 7e8fe31af9b45394c8033638d6593861, type: 3}
      propertyPath: m_RootOrder
      value: 9
      objectReference: {fileID: 0}
    - target: {fileID: 7448342904227859412, guid: 7e8fe31af9b45394c8033638d6593861, type: 3}
      propertyPath: m_LocalPosition.x
      value: -94.696205
      objectReference: {fileID: 0}
    - target: {fileID: 7448342904227859412, guid: 7e8fe31af9b45394c8033638d6593861, type: 3}
      propertyPath: m_LocalPosition.y
      value: -0.0019836426
      objectReference: {fileID: 0}
    - target: {fileID: 7448342904227859412, guid: 7e8fe31af9b45394c8033638d6593861, type: 3}
      propertyPath: m_LocalPosition.z
      value: 31.518066
      objectReference: {fileID: 0}
    - target: {fileID: 7448342904227859412, guid: 7e8fe31af9b45394c8033638d6593861, type: 3}
      propertyPath: m_LocalRotation.w
      value: 1
      objectReference: {fileID: 0}
    - target: {fileID: 7448342904227859412, guid: 7e8fe31af9b45394c8033638d6593861, type: 3}
      propertyPath: m_LocalRotation.x
      value: -0
      objectReference: {fileID: 0}
    - target: {fileID: 7448342904227859412, guid: 7e8fe31af9b45394c8033638d6593861, type: 3}
      propertyPath: m_LocalRotation.y
      value: -0
      objectReference: {fileID: 0}
    - target: {fileID: 7448342904227859412, guid: 7e8fe31af9b45394c8033638d6593861, type: 3}
      propertyPath: m_LocalRotation.z
      value: -0
      objectReference: {fileID: 0}
    - target: {fileID: 7448342904227859412, guid: 7e8fe31af9b45394c8033638d6593861, type: 3}
      propertyPath: m_LocalEulerAnglesHint.x
      value: 0
      objectReference: {fileID: 0}
    - target: {fileID: 7448342904227859412, guid: 7e8fe31af9b45394c8033638d6593861, type: 3}
      propertyPath: m_LocalEulerAnglesHint.y
      value: 0
      objectReference: {fileID: 0}
    - target: {fileID: 7448342904227859412, guid: 7e8fe31af9b45394c8033638d6593861, type: 3}
      propertyPath: m_LocalEulerAnglesHint.z
      value: 0
      objectReference: {fileID: 0}
    m_RemovedComponents: []
  m_SourcePrefab: {fileID: 100100000, guid: 7e8fe31af9b45394c8033638d6593861, type: 3}
--- !u!1 &2524143333451985508 stripped
GameObject:
  m_CorrespondingSourceObject: {fileID: 9160043215400705029, guid: 7e8fe31af9b45394c8033638d6593861, type: 3}
  m_PrefabInstance: {fileID: 6636208226259758689}
  m_PrefabAsset: {fileID: 0}
--- !u!1 &2524143335416505619 stripped
GameObject:
  m_CorrespondingSourceObject: {fileID: 9160043215583660914, guid: 7e8fe31af9b45394c8033638d6593861, type: 3}
  m_PrefabInstance: {fileID: 6636208226259758689}
  m_PrefabAsset: {fileID: 0}
--- !u!1 &3930802475300937245 stripped
GameObject:
  m_CorrespondingSourceObject: {fileID: 7680194543097294972, guid: 7e8fe31af9b45394c8033638d6593861, type: 3}
  m_PrefabInstance: {fileID: 6636208226259758689}
  m_PrefabAsset: {fileID: 0}
--- !u!4 &4270916923164812725 stripped
Transform:
  m_CorrespondingSourceObject: {fileID: 7448342904227859412, guid: 7e8fe31af9b45394c8033638d6593861, type: 3}
  m_PrefabInstance: {fileID: 6636208226259758689}
  m_PrefabAsset: {fileID: 0}
--- !u!1001 &7540450682354331056
PrefabInstance:
  m_ObjectHideFlags: 0
  serializedVersion: 2
  m_Modification:
    m_TransformParent: {fileID: 4270916924090086635}
    m_Modifications:
    - target: {fileID: 8196225542108447373, guid: 72fc806d28c1db54fb93fa0be054b625, type: 3}
      propertyPath: m_SizeDelta.y
      value: 704.61
      objectReference: {fileID: 0}
    - target: {fileID: 8196225542108447373, guid: 72fc806d28c1db54fb93fa0be054b625, type: 3}
      propertyPath: m_AnchoredPosition.y
      value: -17.808441
      objectReference: {fileID: 0}
    - target: {fileID: 8196225542108447374, guid: 72fc806d28c1db54fb93fa0be054b625, type: 3}
      propertyPath: m_text
      value: "Solange ich die goldene T\xFCr nicht aufbekomme, stecke ich hier fest
        ...\r\nIch habe in einem Raum in der N\xE4he einen Schl\xFCssel in einer
        Vitrine gesehen. Wom\xF6glich passt er zum Schloss, aber um die Vitrine zu
        \xF6ffnen, brauche ich einen Zahlencode.\n\nIch habe in der N\xE4he eine
        Art Rune gefunden. Sie sieht irgendwie seltsam vertraut aus. Fast wie die
        Buchstaben im Alphabet meiner Sprache ... Ob sich daraus der Zahlencode ableiten
        l\xE4sst?\n\t\t\r\n---------------------\n\nIch habe noch zwei weitere Runen
        gefunden, das muss eine Art verschl\xFCsselter Code sein! Jetzt brauche ich
        nur noch die richtige Reihenfolge. Vielleicht sollte ich es einfach im Uhrzeigersinn
        der R\xE4ume, in denen ich die jeweiligen Runen gefunden habe, versuchen?\n"
      objectReference: {fileID: 0}
    - target: {fileID: 8196225542172282529, guid: 72fc806d28c1db54fb93fa0be054b625, type: 3}
      propertyPath: m_Size
      value: 0.2399686
      objectReference: {fileID: 0}
    - target: {fileID: 8196225542172282529, guid: 72fc806d28c1db54fb93fa0be054b625, type: 3}
      propertyPath: m_Value
      value: 0.9946862
      objectReference: {fileID: 0}
    - target: {fileID: 8196225542732920047, guid: 72fc806d28c1db54fb93fa0be054b625, type: 3}
      propertyPath: m_IsActive
      value: 0
      objectReference: {fileID: 0}
    - target: {fileID: 8196225542740357223, guid: 72fc806d28c1db54fb93fa0be054b625, type: 3}
      propertyPath: m_Name
      value: InspectionUI
      objectReference: {fileID: 0}
    - target: {fileID: 8196225542740357240, guid: 72fc806d28c1db54fb93fa0be054b625, type: 3}
      propertyPath: m_RootOrder
      value: 10
      objectReference: {fileID: 0}
    - target: {fileID: 8196225542740357240, guid: 72fc806d28c1db54fb93fa0be054b625, type: 3}
      propertyPath: m_LocalPosition.x
      value: -252.98627
      objectReference: {fileID: 0}
    - target: {fileID: 8196225542740357240, guid: 72fc806d28c1db54fb93fa0be054b625, type: 3}
      propertyPath: m_LocalPosition.y
      value: 35.838013
      objectReference: {fileID: 0}
    - target: {fileID: 8196225542740357240, guid: 72fc806d28c1db54fb93fa0be054b625, type: 3}
      propertyPath: m_LocalPosition.z
      value: -26.281982
      objectReference: {fileID: 0}
    - target: {fileID: 8196225542740357240, guid: 72fc806d28c1db54fb93fa0be054b625, type: 3}
      propertyPath: m_LocalRotation.w
      value: 1
      objectReference: {fileID: 0}
    - target: {fileID: 8196225542740357240, guid: 72fc806d28c1db54fb93fa0be054b625, type: 3}
      propertyPath: m_LocalRotation.x
      value: -0
      objectReference: {fileID: 0}
    - target: {fileID: 8196225542740357240, guid: 72fc806d28c1db54fb93fa0be054b625, type: 3}
      propertyPath: m_LocalRotation.y
      value: -0
      objectReference: {fileID: 0}
    - target: {fileID: 8196225542740357240, guid: 72fc806d28c1db54fb93fa0be054b625, type: 3}
      propertyPath: m_LocalRotation.z
      value: -0
      objectReference: {fileID: 0}
    - target: {fileID: 8196225542740357240, guid: 72fc806d28c1db54fb93fa0be054b625, type: 3}
      propertyPath: m_LocalEulerAnglesHint.x
      value: 0
      objectReference: {fileID: 0}
    - target: {fileID: 8196225542740357240, guid: 72fc806d28c1db54fb93fa0be054b625, type: 3}
      propertyPath: m_LocalEulerAnglesHint.y
      value: 0
      objectReference: {fileID: 0}
    - target: {fileID: 8196225542740357240, guid: 72fc806d28c1db54fb93fa0be054b625, type: 3}
      propertyPath: m_LocalEulerAnglesHint.z
      value: 0
      objectReference: {fileID: 0}
    - target: {fileID: 8196225543372784171, guid: 72fc806d28c1db54fb93fa0be054b625, type: 3}
      propertyPath: m_AnchorMax.x
      value: 1
      objectReference: {fileID: 0}
    - target: {fileID: 8196225543372784171, guid: 72fc806d28c1db54fb93fa0be054b625, type: 3}
      propertyPath: m_AnchorMax.y
      value: 0.9959613
      objectReference: {fileID: 0}
    - target: {fileID: 8196225543372784171, guid: 72fc806d28c1db54fb93fa0be054b625, type: 3}
      propertyPath: m_AnchorMin.y
      value: 0.7559927
      objectReference: {fileID: 0}
    - target: {fileID: 8196225543709988533, guid: 72fc806d28c1db54fb93fa0be054b625, type: 3}
      propertyPath: m_IsActive
      value: 0
      objectReference: {fileID: 0}
    - target: {fileID: 8196225543709988534, guid: 72fc806d28c1db54fb93fa0be054b625, type: 3}
      propertyPath: m_LocalScale.x
      value: 1.1880776
      objectReference: {fileID: 0}
    - target: {fileID: 8196225543709988534, guid: 72fc806d28c1db54fb93fa0be054b625, type: 3}
      propertyPath: m_LocalScale.y
      value: 1.1880776
      objectReference: {fileID: 0}
    - target: {fileID: 8196225543709988534, guid: 72fc806d28c1db54fb93fa0be054b625, type: 3}
      propertyPath: m_LocalScale.z
      value: 1.1880776
      objectReference: {fileID: 0}
    - target: {fileID: 8196225544055388829, guid: 72fc806d28c1db54fb93fa0be054b625, type: 3}
      propertyPath: m_IsActive
      value: 0
      objectReference: {fileID: 0}
    - target: {fileID: 8196225544055388830, guid: 72fc806d28c1db54fb93fa0be054b625, type: 3}
      propertyPath: m_LocalScale.x
      value: 1.0356631
      objectReference: {fileID: 0}
    - target: {fileID: 8196225544055388830, guid: 72fc806d28c1db54fb93fa0be054b625, type: 3}
      propertyPath: m_LocalScale.y
      value: 1.0356631
      objectReference: {fileID: 0}
    - target: {fileID: 8196225544055388830, guid: 72fc806d28c1db54fb93fa0be054b625, type: 3}
      propertyPath: m_LocalScale.z
      value: 1.0356631
      objectReference: {fileID: 0}
    - target: {fileID: 8196225544215394066, guid: 72fc806d28c1db54fb93fa0be054b625, type: 3}
      propertyPath: m_IsActive
      value: 0
      objectReference: {fileID: 0}
    - target: {fileID: 8196225544215394067, guid: 72fc806d28c1db54fb93fa0be054b625, type: 3}
      propertyPath: m_LocalScale.x
      value: 1.0674765
      objectReference: {fileID: 0}
    - target: {fileID: 8196225544215394067, guid: 72fc806d28c1db54fb93fa0be054b625, type: 3}
      propertyPath: m_LocalScale.y
      value: 1.0674765
      objectReference: {fileID: 0}
    - target: {fileID: 8196225544215394067, guid: 72fc806d28c1db54fb93fa0be054b625, type: 3}
      propertyPath: m_LocalScale.z
      value: 1.0674765
      objectReference: {fileID: 0}
    m_RemovedComponents: []
  m_SourcePrefab: {fileID: 100100000, guid: 72fc806d28c1db54fb93fa0be054b625, type: 3}
--- !u!1 &1574766271358920348 stripped
GameObject:
  m_CorrespondingSourceObject: {fileID: 9043155918866975532, guid: 72fc806d28c1db54fb93fa0be054b625, type: 3}
  m_PrefabInstance: {fileID: 7540450682354331056}
  m_PrefabAsset: {fileID: 0}
--- !u!1 &1809277466448362245 stripped
GameObject:
  m_CorrespondingSourceObject: {fileID: 8196225543709988533, guid: 72fc806d28c1db54fb93fa0be054b625, type: 3}
  m_PrefabInstance: {fileID: 7540450682354331056}
  m_PrefabAsset: {fileID: 0}
--- !u!1 &1809277466795284269 stripped
GameObject:
  m_CorrespondingSourceObject: {fileID: 8196225544055388829, guid: 72fc806d28c1db54fb93fa0be054b625, type: 3}
  m_PrefabInstance: {fileID: 7540450682354331056}
  m_PrefabAsset: {fileID: 0}
--- !u!1 &1809277466953652898 stripped
GameObject:
  m_CorrespondingSourceObject: {fileID: 8196225544215394066, guid: 72fc806d28c1db54fb93fa0be054b625, type: 3}
  m_PrefabInstance: {fileID: 7540450682354331056}
  m_PrefabAsset: {fileID: 0}
--- !u!114 &1809277467033604021 stripped
MonoBehaviour:
  m_CorrespondingSourceObject: {fileID: 8196225543758995973, guid: 72fc806d28c1db54fb93fa0be054b625, type: 3}
  m_PrefabInstance: {fileID: 7540450682354331056}
  m_PrefabAsset: {fileID: 0}
  m_GameObject: {fileID: 0}
  m_Enabled: 1
  m_EditorHideFlags: 0
  m_Script: {fileID: 11500000, guid: 2da0c512f12947e489f739169773d7ca, type: 3}
  m_Name: 
  m_EditorClassIdentifier: 
--- !u!1 &1809277468155107679 stripped
GameObject:
  m_CorrespondingSourceObject: {fileID: 8196225542732920047, guid: 72fc806d28c1db54fb93fa0be054b625, type: 3}
  m_PrefabInstance: {fileID: 7540450682354331056}
  m_PrefabAsset: {fileID: 0}
--- !u!4 &1809277468164578760 stripped
Transform:
  m_CorrespondingSourceObject: {fileID: 8196225542740357240, guid: 72fc806d28c1db54fb93fa0be054b625, type: 3}
  m_PrefabInstance: {fileID: 7540450682354331056}
  m_PrefabAsset: {fileID: 0}
--- !u!1 &1809277468164578775 stripped
GameObject:
  m_CorrespondingSourceObject: {fileID: 8196225542740357223, guid: 72fc806d28c1db54fb93fa0be054b625, type: 3}
  m_PrefabInstance: {fileID: 7540450682354331056}
  m_PrefabAsset: {fileID: 0}
--- !u!1 &7608534165984697240 stripped
GameObject:
  m_CorrespondingSourceObject: {fileID: 86692587471386152, guid: 72fc806d28c1db54fb93fa0be054b625, type: 3}
  m_PrefabInstance: {fileID: 7540450682354331056}
  m_PrefabAsset: {fileID: 0}
