%YAML 1.1
%TAG !u! tag:unity3d.com,2011:
--- !u!1 &4384704739978398147
GameObject:
  m_ObjectHideFlags: 0
  m_CorrespondingSourceObject: {fileID: 0}
  m_PrefabInstance: {fileID: 0}
  m_PrefabAsset: {fileID: 0}
  serializedVersion: 6
  m_Component:
  - component: {fileID: 6841110210897785904}
  m_Layer: 0
  m_Name: StartRoom_VFX
  m_TagString: Untagged
  m_Icon: {fileID: 0}
  m_NavMeshLayer: 0
  m_StaticEditorFlags: 0
  m_IsActive: 1
--- !u!4 &6841110210897785904
Transform:
  m_ObjectHideFlags: 0
  m_CorrespondingSourceObject: {fileID: 0}
  m_PrefabInstance: {fileID: 0}
  m_PrefabAsset: {fileID: 0}
  m_GameObject: {fileID: 4384704739978398147}
  m_LocalRotation: {x: -0, y: -0, z: -0, w: 1}
  m_LocalPosition: {x: 84.25118, y: 68.548836, z: -8.991829}
  m_LocalScale: {x: 1, y: 1, z: 1}
  m_ConstrainProportionsScale: 0
  m_Children:
  - {fileID: 1265787348527457653}
  - {fileID: 3573934892159341688}
  m_Father: {fileID: 9018783152666543000}
  m_RootOrder: 20
  m_LocalEulerAnglesHint: {x: 0, y: 0, z: 0}
--- !u!1 &9018783152666543001
GameObject:
  m_ObjectHideFlags: 0
  m_CorrespondingSourceObject: {fileID: 0}
  m_PrefabInstance: {fileID: 0}
  m_PrefabAsset: {fileID: 0}
  serializedVersion: 6
  m_Component:
  - component: {fileID: 9018783152666543000}
  m_Layer: 0
  m_Name: Start_Room
  m_TagString: Untagged
  m_Icon: {fileID: 0}
  m_NavMeshLayer: 0
  m_StaticEditorFlags: 2147483647
  m_IsActive: 1
--- !u!4 &9018783152666543000
Transform:
  m_ObjectHideFlags: 0
  m_CorrespondingSourceObject: {fileID: 0}
  m_PrefabInstance: {fileID: 0}
  m_PrefabAsset: {fileID: 0}
  m_GameObject: {fileID: 9018783152666543001}
  m_LocalRotation: {x: 0, y: 0, z: 0, w: 1}
  m_LocalPosition: {x: 0, y: 0, z: 0}
  m_LocalScale: {x: 1, y: 1, z: 1}
  m_ConstrainProportionsScale: 0
  m_Children:
  - {fileID: 7201289434384646321}
  - {fileID: 1417578750366054410}
  - {fileID: 1417578749647468517}
  - {fileID: 6690565672684121817}
  - {fileID: 4159874560833492614}
  - {fileID: 8837080630658587493}
  - {fileID: 9018783152249047222}
  - {fileID: 9018783151652661326}
  - {fileID: 9018783151873938808}
  - {fileID: 9018783152714770302}
  - {fileID: 772810438573026518}
  - {fileID: 772810438751358879}
  - {fileID: 1443365443933423790}
  - {fileID: 5953663230054320232}
  - {fileID: 3317628686385320449}
  - {fileID: 1808097716461125009}
  - {fileID: 4278832741248507420}
  - {fileID: 2575923486416128931}
  - {fileID: 3482516811424985815}
  - {fileID: 1427599397633365413}
  - {fileID: 6841110210897785904}
  - {fileID: 3404150166305400804}
  m_Father: {fileID: 0}
  m_RootOrder: 0
  m_LocalEulerAnglesHint: {x: 0, y: 0, z: 0}
--- !u!1001 &1090488123231745924
PrefabInstance:
  m_ObjectHideFlags: 0
  serializedVersion: 2
  m_Modification:
    m_TransformParent: {fileID: 9018783152666543000}
    m_Modifications:
    - target: {fileID: 8217686503440498482, guid: 496803066c69ddb4e999351e323507c0, type: 3}
      propertyPath: m_RootOrder
      value: 6
      objectReference: {fileID: 0}
    - target: {fileID: 8217686503440498482, guid: 496803066c69ddb4e999351e323507c0, type: 3}
      propertyPath: m_LocalPosition.x
      value: 55.631775
      objectReference: {fileID: 0}
    - target: {fileID: 8217686503440498482, guid: 496803066c69ddb4e999351e323507c0, type: 3}
      propertyPath: m_LocalPosition.y
      value: 63.428837
      objectReference: {fileID: 0}
    - target: {fileID: 8217686503440498482, guid: 496803066c69ddb4e999351e323507c0, type: 3}
      propertyPath: m_LocalPosition.z
      value: -5.430874
      objectReference: {fileID: 0}
    - target: {fileID: 8217686503440498482, guid: 496803066c69ddb4e999351e323507c0, type: 3}
      propertyPath: m_LocalRotation.w
      value: 1
      objectReference: {fileID: 0}
    - target: {fileID: 8217686503440498482, guid: 496803066c69ddb4e999351e323507c0, type: 3}
      propertyPath: m_LocalRotation.x
      value: -0
      objectReference: {fileID: 0}
    - target: {fileID: 8217686503440498482, guid: 496803066c69ddb4e999351e323507c0, type: 3}
      propertyPath: m_LocalRotation.y
      value: -0
      objectReference: {fileID: 0}
    - target: {fileID: 8217686503440498482, guid: 496803066c69ddb4e999351e323507c0, type: 3}
      propertyPath: m_LocalRotation.z
      value: -0
      objectReference: {fileID: 0}
    - target: {fileID: 8217686503440498482, guid: 496803066c69ddb4e999351e323507c0, type: 3}
      propertyPath: m_LocalEulerAnglesHint.x
      value: 0
      objectReference: {fileID: 0}
    - target: {fileID: 8217686503440498482, guid: 496803066c69ddb4e999351e323507c0, type: 3}
      propertyPath: m_LocalEulerAnglesHint.y
      value: 0
      objectReference: {fileID: 0}
    - target: {fileID: 8217686503440498482, guid: 496803066c69ddb4e999351e323507c0, type: 3}
      propertyPath: m_LocalEulerAnglesHint.z
      value: 0
      objectReference: {fileID: 0}
    - target: {fileID: 8217686503440498483, guid: 496803066c69ddb4e999351e323507c0, type: 3}
      propertyPath: m_Name
      value: Room_Corner_left_front
      objectReference: {fileID: 0}
    m_RemovedComponents: []
  m_SourcePrefab: {fileID: 100100000, guid: 496803066c69ddb4e999351e323507c0, type: 3}
--- !u!4 &9018783152249047222 stripped
Transform:
  m_CorrespondingSourceObject: {fileID: 8217686503440498482, guid: 496803066c69ddb4e999351e323507c0, type: 3}
  m_PrefabInstance: {fileID: 1090488123231745924}
  m_PrefabAsset: {fileID: 0}
--- !u!1001 &1265787348527857653
PrefabInstance:
  m_ObjectHideFlags: 0
  serializedVersion: 2
  m_Modification:
    m_TransformParent: {fileID: 6841110210897785904}
    m_Modifications:
    - target: {fileID: 100000, guid: ada5d62ffe762ce4fbccc70dcdbc9022, type: 3}
      propertyPath: m_Name
      value: CFX3_ResurrectionLight_Circle
      objectReference: {fileID: 0}
    - target: {fileID: 400000, guid: ada5d62ffe762ce4fbccc70dcdbc9022, type: 3}
      propertyPath: m_RootOrder
      value: 0
      objectReference: {fileID: 0}
    - target: {fileID: 400000, guid: ada5d62ffe762ce4fbccc70dcdbc9022, type: 3}
      propertyPath: m_LocalPosition.x
      value: -23.04942
      objectReference: {fileID: 0}
    - target: {fileID: 400000, guid: ada5d62ffe762ce4fbccc70dcdbc9022, type: 3}
      propertyPath: m_LocalPosition.y
      value: -4.920002
      objectReference: {fileID: 0}
    - target: {fileID: 400000, guid: ada5d62ffe762ce4fbccc70dcdbc9022, type: 3}
      propertyPath: m_LocalPosition.z
      value: -19.279076
      objectReference: {fileID: 0}
    - target: {fileID: 400000, guid: ada5d62ffe762ce4fbccc70dcdbc9022, type: 3}
      propertyPath: m_LocalRotation.w
      value: 0.7071068
      objectReference: {fileID: 0}
    - target: {fileID: 400000, guid: ada5d62ffe762ce4fbccc70dcdbc9022, type: 3}
      propertyPath: m_LocalRotation.x
      value: -0.7071068
      objectReference: {fileID: 0}
    - target: {fileID: 400000, guid: ada5d62ffe762ce4fbccc70dcdbc9022, type: 3}
      propertyPath: m_LocalRotation.y
      value: -0
      objectReference: {fileID: 0}
    - target: {fileID: 400000, guid: ada5d62ffe762ce4fbccc70dcdbc9022, type: 3}
      propertyPath: m_LocalRotation.z
      value: -0
      objectReference: {fileID: 0}
    - target: {fileID: 400000, guid: ada5d62ffe762ce4fbccc70dcdbc9022, type: 3}
      propertyPath: m_LocalEulerAnglesHint.x
      value: 0
      objectReference: {fileID: 0}
    - target: {fileID: 400000, guid: ada5d62ffe762ce4fbccc70dcdbc9022, type: 3}
      propertyPath: m_LocalEulerAnglesHint.y
      value: 0
      objectReference: {fileID: 0}
    - target: {fileID: 400000, guid: ada5d62ffe762ce4fbccc70dcdbc9022, type: 3}
      propertyPath: m_LocalEulerAnglesHint.z
      value: 0
      objectReference: {fileID: 0}
    - target: {fileID: 19900000, guid: ada5d62ffe762ce4fbccc70dcdbc9022, type: 3}
      propertyPath: m_Materials.Array.size
      value: 1
      objectReference: {fileID: 0}
    - target: {fileID: 19900002, guid: ada5d62ffe762ce4fbccc70dcdbc9022, type: 3}
      propertyPath: m_Materials.Array.size
      value: 1
      objectReference: {fileID: 0}
    - target: {fileID: 19900004, guid: ada5d62ffe762ce4fbccc70dcdbc9022, type: 3}
      propertyPath: m_Materials.Array.size
      value: 1
      objectReference: {fileID: 0}
    - target: {fileID: 19900006, guid: ada5d62ffe762ce4fbccc70dcdbc9022, type: 3}
      propertyPath: m_Materials.Array.size
      value: 1
      objectReference: {fileID: 0}
    m_RemovedComponents: []
  m_SourcePrefab: {fileID: 100100000, guid: ada5d62ffe762ce4fbccc70dcdbc9022, type: 3}
--- !u!4 &1265787348527457653 stripped
Transform:
  m_CorrespondingSourceObject: {fileID: 400000, guid: ada5d62ffe762ce4fbccc70dcdbc9022, type: 3}
  m_PrefabInstance: {fileID: 1265787348527857653}
  m_PrefabAsset: {fileID: 0}
--- !u!1001 &1367525635061141223
PrefabInstance:
  m_ObjectHideFlags: 0
  serializedVersion: 2
  m_Modification:
    m_TransformParent: {fileID: 9018783152666543000}
    m_Modifications:
    - target: {fileID: 8057865727957670814, guid: c8a192287fcc8d146a443cd059eabbf1, type: 3}
      propertyPath: m_Name
      value: Room_Corner_right_back
      objectReference: {fileID: 0}
    - target: {fileID: 8057865727957670815, guid: c8a192287fcc8d146a443cd059eabbf1, type: 3}
      propertyPath: m_RootOrder
      value: 8
      objectReference: {fileID: 0}
    - target: {fileID: 8057865727957670815, guid: c8a192287fcc8d146a443cd059eabbf1, type: 3}
      propertyPath: m_LocalPosition.x
      value: 94.031784
      objectReference: {fileID: 0}
    - target: {fileID: 8057865727957670815, guid: c8a192287fcc8d146a443cd059eabbf1, type: 3}
      propertyPath: m_LocalPosition.y
      value: 63.428837
      objectReference: {fileID: 0}
    - target: {fileID: 8057865727957670815, guid: c8a192287fcc8d146a443cd059eabbf1, type: 3}
      propertyPath: m_LocalPosition.z
      value: -31.03087
      objectReference: {fileID: 0}
    - target: {fileID: 8057865727957670815, guid: c8a192287fcc8d146a443cd059eabbf1, type: 3}
      propertyPath: m_LocalRotation.w
      value: 0
      objectReference: {fileID: 0}
    - target: {fileID: 8057865727957670815, guid: c8a192287fcc8d146a443cd059eabbf1, type: 3}
      propertyPath: m_LocalRotation.x
      value: -0
      objectReference: {fileID: 0}
    - target: {fileID: 8057865727957670815, guid: c8a192287fcc8d146a443cd059eabbf1, type: 3}
      propertyPath: m_LocalRotation.y
      value: 1
      objectReference: {fileID: 0}
    - target: {fileID: 8057865727957670815, guid: c8a192287fcc8d146a443cd059eabbf1, type: 3}
      propertyPath: m_LocalRotation.z
      value: -0
      objectReference: {fileID: 0}
    - target: {fileID: 8057865727957670815, guid: c8a192287fcc8d146a443cd059eabbf1, type: 3}
      propertyPath: m_LocalEulerAnglesHint.x
      value: 0
      objectReference: {fileID: 0}
    - target: {fileID: 8057865727957670815, guid: c8a192287fcc8d146a443cd059eabbf1, type: 3}
      propertyPath: m_LocalEulerAnglesHint.y
      value: 0
      objectReference: {fileID: 0}
    - target: {fileID: 8057865727957670815, guid: c8a192287fcc8d146a443cd059eabbf1, type: 3}
      propertyPath: m_LocalEulerAnglesHint.z
      value: 0
      objectReference: {fileID: 0}
    m_RemovedComponents: []
  m_SourcePrefab: {fileID: 100100000, guid: c8a192287fcc8d146a443cd059eabbf1, type: 3}
--- !u!4 &9018783151873938808 stripped
Transform:
  m_CorrespondingSourceObject: {fileID: 8057865727957670815, guid: c8a192287fcc8d146a443cd059eabbf1, type: 3}
  m_PrefabInstance: {fileID: 1367525635061141223}
  m_PrefabAsset: {fileID: 0}
--- !u!1001 &3036543135078794125
PrefabInstance:
  m_ObjectHideFlags: 0
  serializedVersion: 2
  m_Modification:
    m_TransformParent: {fileID: 9018783152666543000}
    m_Modifications:
    - target: {fileID: 5800752764642793704, guid: 1414f144dcbe85d448473c8d91b69240, type: 3}
      propertyPath: m_RootOrder
      value: 5
      objectReference: {fileID: 0}
    - target: {fileID: 5800752764642793704, guid: 1414f144dcbe85d448473c8d91b69240, type: 3}
      propertyPath: m_LocalPosition.x
      value: 82.56178
      objectReference: {fileID: 0}
    - target: {fileID: 5800752764642793704, guid: 1414f144dcbe85d448473c8d91b69240, type: 3}
      propertyPath: m_LocalPosition.y
      value: 73.61884
      objectReference: {fileID: 0}
    - target: {fileID: 5800752764642793704, guid: 1414f144dcbe85d448473c8d91b69240, type: 3}
      propertyPath: m_LocalPosition.z
      value: -23.750637
      objectReference: {fileID: 0}
    - target: {fileID: 5800752764642793704, guid: 1414f144dcbe85d448473c8d91b69240, type: 3}
      propertyPath: m_LocalRotation.w
      value: 0
      objectReference: {fileID: 0}
    - target: {fileID: 5800752764642793704, guid: 1414f144dcbe85d448473c8d91b69240, type: 3}
      propertyPath: m_LocalRotation.x
      value: 0
      objectReference: {fileID: 0}
    - target: {fileID: 5800752764642793704, guid: 1414f144dcbe85d448473c8d91b69240, type: 3}
      propertyPath: m_LocalRotation.y
      value: 1
      objectReference: {fileID: 0}
    - target: {fileID: 5800752764642793704, guid: 1414f144dcbe85d448473c8d91b69240, type: 3}
      propertyPath: m_LocalRotation.z
      value: 0
      objectReference: {fileID: 0}
    - target: {fileID: 5800752764642793704, guid: 1414f144dcbe85d448473c8d91b69240, type: 3}
      propertyPath: m_LocalEulerAnglesHint.x
      value: 0
      objectReference: {fileID: 0}
    - target: {fileID: 5800752764642793704, guid: 1414f144dcbe85d448473c8d91b69240, type: 3}
      propertyPath: m_LocalEulerAnglesHint.y
      value: 180
      objectReference: {fileID: 0}
    - target: {fileID: 5800752764642793704, guid: 1414f144dcbe85d448473c8d91b69240, type: 3}
      propertyPath: m_LocalEulerAnglesHint.z
      value: 0
      objectReference: {fileID: 0}
    - target: {fileID: 6614584210652283474, guid: 1414f144dcbe85d448473c8d91b69240, type: 3}
      propertyPath: m_Name
      value: Floor_with_Sewer_Drain
      objectReference: {fileID: 0}
    m_RemovedComponents: []
  m_SourcePrefab: {fileID: 100100000, guid: 1414f144dcbe85d448473c8d91b69240, type: 3}
--- !u!4 &8837080630658587493 stripped
Transform:
  m_CorrespondingSourceObject: {fileID: 5800752764642793704, guid: 1414f144dcbe85d448473c8d91b69240, type: 3}
  m_PrefabInstance: {fileID: 3036543135078794125}
  m_PrefabAsset: {fileID: 0}
--- !u!1001 &3573344189620431338
PrefabInstance:
  m_ObjectHideFlags: 0
  serializedVersion: 2
  m_Modification:
    m_TransformParent: {fileID: 6841110210897785904}
    m_Modifications:
    - target: {fileID: 1781930563638536, guid: daa6cceb1b087d74aad6916dac2805ea, type: 3}
      propertyPath: m_Name
      value: CFX2_Wandering_Spirits
      objectReference: {fileID: 0}
    - target: {fileID: 4005808538926482, guid: daa6cceb1b087d74aad6916dac2805ea, type: 3}
      propertyPath: m_RootOrder
      value: 1
      objectReference: {fileID: 0}
    - target: {fileID: 4005808538926482, guid: daa6cceb1b087d74aad6916dac2805ea, type: 3}
      propertyPath: m_LocalPosition.x
      value: 0
      objectReference: {fileID: 0}
    - target: {fileID: 4005808538926482, guid: daa6cceb1b087d74aad6916dac2805ea, type: 3}
      propertyPath: m_LocalPosition.y
      value: 0
      objectReference: {fileID: 0}
    - target: {fileID: 4005808538926482, guid: daa6cceb1b087d74aad6916dac2805ea, type: 3}
      propertyPath: m_LocalPosition.z
      value: 0
      objectReference: {fileID: 0}
    - target: {fileID: 4005808538926482, guid: daa6cceb1b087d74aad6916dac2805ea, type: 3}
      propertyPath: m_LocalRotation.w
      value: 1
      objectReference: {fileID: 0}
    - target: {fileID: 4005808538926482, guid: daa6cceb1b087d74aad6916dac2805ea, type: 3}
      propertyPath: m_LocalRotation.x
      value: -0
      objectReference: {fileID: 0}
    - target: {fileID: 4005808538926482, guid: daa6cceb1b087d74aad6916dac2805ea, type: 3}
      propertyPath: m_LocalRotation.y
      value: -0
      objectReference: {fileID: 0}
    - target: {fileID: 4005808538926482, guid: daa6cceb1b087d74aad6916dac2805ea, type: 3}
      propertyPath: m_LocalRotation.z
      value: -0
      objectReference: {fileID: 0}
    - target: {fileID: 4005808538926482, guid: daa6cceb1b087d74aad6916dac2805ea, type: 3}
      propertyPath: m_LocalEulerAnglesHint.x
      value: 0
      objectReference: {fileID: 0}
    - target: {fileID: 4005808538926482, guid: daa6cceb1b087d74aad6916dac2805ea, type: 3}
      propertyPath: m_LocalEulerAnglesHint.y
      value: 0
      objectReference: {fileID: 0}
    - target: {fileID: 4005808538926482, guid: daa6cceb1b087d74aad6916dac2805ea, type: 3}
      propertyPath: m_LocalEulerAnglesHint.z
      value: 0
      objectReference: {fileID: 0}
    m_RemovedComponents: []
  m_SourcePrefab: {fileID: 100100000, guid: daa6cceb1b087d74aad6916dac2805ea, type: 3}
--- !u!4 &3573934892159341688 stripped
Transform:
  m_CorrespondingSourceObject: {fileID: 4005808538926482, guid: daa6cceb1b087d74aad6916dac2805ea, type: 3}
  m_PrefabInstance: {fileID: 3573344189620431338}
  m_PrefabAsset: {fileID: 0}
--- !u!1001 &4233265429280644891
PrefabInstance:
  m_ObjectHideFlags: 0
  serializedVersion: 2
  m_Modification:
    m_TransformParent: {fileID: 9018783152666543000}
    m_Modifications:
    - target: {fileID: 3366521277841872821, guid: 3284218d4c938db42acb0999ef868211, type: 3}
      propertyPath: m_RootOrder
      value: 12
      objectReference: {fileID: 0}
    - target: {fileID: 3366521277841872821, guid: 3284218d4c938db42acb0999ef868211, type: 3}
      propertyPath: m_LocalPosition.x
      value: -66.959984
      objectReference: {fileID: 0}
    - target: {fileID: 3366521277841872821, guid: 3284218d4c938db42acb0999ef868211, type: 3}
      propertyPath: m_LocalPosition.y
      value: 0
      objectReference: {fileID: 0}
    - target: {fileID: 3366521277841872821, guid: 3284218d4c938db42acb0999ef868211, type: 3}
      propertyPath: m_LocalPosition.z
      value: 22.107494
      objectReference: {fileID: 0}
    - target: {fileID: 3366521277841872821, guid: 3284218d4c938db42acb0999ef868211, type: 3}
      propertyPath: m_LocalRotation.w
      value: 1
      objectReference: {fileID: 0}
    - target: {fileID: 3366521277841872821, guid: 3284218d4c938db42acb0999ef868211, type: 3}
      propertyPath: m_LocalRotation.x
      value: 0
      objectReference: {fileID: 0}
    - target: {fileID: 3366521277841872821, guid: 3284218d4c938db42acb0999ef868211, type: 3}
      propertyPath: m_LocalRotation.y
      value: 0
      objectReference: {fileID: 0}
    - target: {fileID: 3366521277841872821, guid: 3284218d4c938db42acb0999ef868211, type: 3}
      propertyPath: m_LocalRotation.z
      value: 0
      objectReference: {fileID: 0}
    - target: {fileID: 3366521277841872821, guid: 3284218d4c938db42acb0999ef868211, type: 3}
      propertyPath: m_LocalEulerAnglesHint.x
      value: 0
      objectReference: {fileID: 0}
    - target: {fileID: 3366521277841872821, guid: 3284218d4c938db42acb0999ef868211, type: 3}
      propertyPath: m_LocalEulerAnglesHint.y
      value: 0
      objectReference: {fileID: 0}
    - target: {fileID: 3366521277841872821, guid: 3284218d4c938db42acb0999ef868211, type: 3}
      propertyPath: m_LocalEulerAnglesHint.z
      value: 0
      objectReference: {fileID: 0}
    - target: {fileID: 5053730202485491750, guid: 3284218d4c938db42acb0999ef868211, type: 3}
      propertyPath: m_Name
      value: Ceiling_default_with_Hole
      objectReference: {fileID: 0}
    m_RemovedComponents: []
  m_SourcePrefab: {fileID: 100100000, guid: 3284218d4c938db42acb0999ef868211, type: 3}
--- !u!4 &1443365443933423790 stripped
Transform:
  m_CorrespondingSourceObject: {fileID: 3366521277841872821, guid: 3284218d4c938db42acb0999ef868211, type: 3}
  m_PrefabInstance: {fileID: 4233265429280644891}
  m_PrefabAsset: {fileID: 0}
--- !u!1001 &4642983271428947615
PrefabInstance:
  m_ObjectHideFlags: 0
  serializedVersion: 2
  m_Modification:
    m_TransformParent: {fileID: 9018783152666543000}
    m_Modifications:
    - target: {fileID: 7279355687955631956, guid: 36debda1121ecb8499682bcf3847513f, type: 3}
      propertyPath: m_LocalPosition.x
      value: -0.0750103
      objectReference: {fileID: 0}
    - target: {fileID: 7279355687955631956, guid: 36debda1121ecb8499682bcf3847513f, type: 3}
      propertyPath: m_LocalPosition.y
      value: 1.763747
      objectReference: {fileID: 0}
    - target: {fileID: 7279355687955631956, guid: 36debda1121ecb8499682bcf3847513f, type: 3}
      propertyPath: m_LocalPosition.z
      value: -0.029045105
      objectReference: {fileID: 0}
    - target: {fileID: 8090039114357258809, guid: 36debda1121ecb8499682bcf3847513f, type: 3}
      propertyPath: m_Name
      value: small_torch
      objectReference: {fileID: 0}
    - target: {fileID: 8867102896369950851, guid: 36debda1121ecb8499682bcf3847513f, type: 3}
      propertyPath: m_RootOrder
      value: 16
      objectReference: {fileID: 0}
    - target: {fileID: 8867102896369950851, guid: 36debda1121ecb8499682bcf3847513f, type: 3}
      propertyPath: m_LocalPosition.x
      value: 75.50678
      objectReference: {fileID: 0}
    - target: {fileID: 8867102896369950851, guid: 36debda1121ecb8499682bcf3847513f, type: 3}
      propertyPath: m_LocalPosition.y
      value: 69.452805
      objectReference: {fileID: 0}
    - target: {fileID: 8867102896369950851, guid: 36debda1121ecb8499682bcf3847513f, type: 3}
      propertyPath: m_LocalPosition.z
      value: 19.49317
      objectReference: {fileID: 0}
    - target: {fileID: 8867102896369950851, guid: 36debda1121ecb8499682bcf3847513f, type: 3}
      propertyPath: m_LocalRotation.w
      value: 1
      objectReference: {fileID: 0}
    - target: {fileID: 8867102896369950851, guid: 36debda1121ecb8499682bcf3847513f, type: 3}
      propertyPath: m_LocalRotation.x
      value: -0
      objectReference: {fileID: 0}
    - target: {fileID: 8867102896369950851, guid: 36debda1121ecb8499682bcf3847513f, type: 3}
      propertyPath: m_LocalRotation.y
      value: -0
      objectReference: {fileID: 0}
    - target: {fileID: 8867102896369950851, guid: 36debda1121ecb8499682bcf3847513f, type: 3}
      propertyPath: m_LocalRotation.z
      value: -0
      objectReference: {fileID: 0}
    - target: {fileID: 8867102896369950851, guid: 36debda1121ecb8499682bcf3847513f, type: 3}
      propertyPath: m_LocalEulerAnglesHint.x
      value: 0
      objectReference: {fileID: 0}
    - target: {fileID: 8867102896369950851, guid: 36debda1121ecb8499682bcf3847513f, type: 3}
      propertyPath: m_LocalEulerAnglesHint.y
      value: 0
      objectReference: {fileID: 0}
    - target: {fileID: 8867102896369950851, guid: 36debda1121ecb8499682bcf3847513f, type: 3}
      propertyPath: m_LocalEulerAnglesHint.z
      value: 0
      objectReference: {fileID: 0}
    m_RemovedComponents: []
  m_SourcePrefab: {fileID: 100100000, guid: 36debda1121ecb8499682bcf3847513f, type: 3}
--- !u!4 &4278832741248507420 stripped
Transform:
  m_CorrespondingSourceObject: {fileID: 8867102896369950851, guid: 36debda1121ecb8499682bcf3847513f, type: 3}
  m_PrefabInstance: {fileID: 4642983271428947615}
  m_PrefabAsset: {fileID: 0}
--- !u!1001 &5642949605252118471
PrefabInstance:
  m_ObjectHideFlags: 0
  serializedVersion: 2
  m_Modification:
    m_TransformParent: {fileID: 9018783152666543000}
    m_Modifications:
    - target: {fileID: 6937053548578284998, guid: 59174fc1b528fe142a1171db638bf549, type: 3}
      propertyPath: m_RootOrder
      value: 14
      objectReference: {fileID: 0}
    - target: {fileID: 6937053548578284998, guid: 59174fc1b528fe142a1171db638bf549, type: 3}
      propertyPath: m_LocalPosition.x
      value: 81.33179
      objectReference: {fileID: 0}
    - target: {fileID: 6937053548578284998, guid: 59174fc1b528fe142a1171db638bf549, type: 3}
      propertyPath: m_LocalPosition.y
      value: 76.25384
      objectReference: {fileID: 0}
    - target: {fileID: 6937053548578284998, guid: 59174fc1b528fe142a1171db638bf549, type: 3}
      propertyPath: m_LocalPosition.z
      value: 7.4691205
      objectReference: {fileID: 0}
    - target: {fileID: 6937053548578284998, guid: 59174fc1b528fe142a1171db638bf549, type: 3}
      propertyPath: m_LocalRotation.w
      value: 1
      objectReference: {fileID: 0}
    - target: {fileID: 6937053548578284998, guid: 59174fc1b528fe142a1171db638bf549, type: 3}
      propertyPath: m_LocalRotation.x
      value: -0
      objectReference: {fileID: 0}
    - target: {fileID: 6937053548578284998, guid: 59174fc1b528fe142a1171db638bf549, type: 3}
      propertyPath: m_LocalRotation.y
      value: -0
      objectReference: {fileID: 0}
    - target: {fileID: 6937053548578284998, guid: 59174fc1b528fe142a1171db638bf549, type: 3}
      propertyPath: m_LocalRotation.z
      value: -0
      objectReference: {fileID: 0}
    - target: {fileID: 6937053548578284998, guid: 59174fc1b528fe142a1171db638bf549, type: 3}
      propertyPath: m_LocalEulerAnglesHint.x
      value: 0
      objectReference: {fileID: 0}
    - target: {fileID: 6937053548578284998, guid: 59174fc1b528fe142a1171db638bf549, type: 3}
      propertyPath: m_LocalEulerAnglesHint.y
      value: 0
      objectReference: {fileID: 0}
    - target: {fileID: 6937053548578284998, guid: 59174fc1b528fe142a1171db638bf549, type: 3}
      propertyPath: m_LocalEulerAnglesHint.z
      value: 0
      objectReference: {fileID: 0}
    - target: {fileID: 7714259197905305468, guid: 59174fc1b528fe142a1171db638bf549, type: 3}
      propertyPath: m_Name
      value: room_ceiling_see_through
      objectReference: {fileID: 0}
    m_RemovedComponents: []
  m_SourcePrefab: {fileID: 100100000, guid: 59174fc1b528fe142a1171db638bf549, type: 3}
--- !u!4 &3317628686385320449 stripped
Transform:
  m_CorrespondingSourceObject: {fileID: 6937053548578284998, guid: 59174fc1b528fe142a1171db638bf549, type: 3}
  m_PrefabInstance: {fileID: 5642949605252118471}
  m_PrefabAsset: {fileID: 0}
--- !u!1001 &6154318985200732459
PrefabInstance:
  m_ObjectHideFlags: 0
  serializedVersion: 2
  m_Modification:
    m_TransformParent: {fileID: 9018783152666543000}
    m_Modifications:
    - target: {fileID: 8815075028299798522, guid: bb1c14f15e1986b449ab791dee31c096, type: 3}
      propertyPath: m_IsActive
      value: 0
      objectReference: {fileID: 0}
    - target: {fileID: 8815075028596780751, guid: bb1c14f15e1986b449ab791dee31c096, type: 3}
      propertyPath: m_Pivot.x
      value: 0.5
      objectReference: {fileID: 0}
    - target: {fileID: 8815075028596780751, guid: bb1c14f15e1986b449ab791dee31c096, type: 3}
      propertyPath: m_Pivot.y
      value: 0.5
      objectReference: {fileID: 0}
    - target: {fileID: 8815075028596780751, guid: bb1c14f15e1986b449ab791dee31c096, type: 3}
      propertyPath: m_RootOrder
      value: 21
      objectReference: {fileID: 0}
    - target: {fileID: 8815075028596780751, guid: bb1c14f15e1986b449ab791dee31c096, type: 3}
      propertyPath: m_AnchorMax.x
      value: 0
      objectReference: {fileID: 0}
    - target: {fileID: 8815075028596780751, guid: bb1c14f15e1986b449ab791dee31c096, type: 3}
      propertyPath: m_AnchorMax.y
      value: 0
      objectReference: {fileID: 0}
    - target: {fileID: 8815075028596780751, guid: bb1c14f15e1986b449ab791dee31c096, type: 3}
      propertyPath: m_AnchorMin.x
      value: 0
      objectReference: {fileID: 0}
    - target: {fileID: 8815075028596780751, guid: bb1c14f15e1986b449ab791dee31c096, type: 3}
      propertyPath: m_AnchorMin.y
      value: 0
      objectReference: {fileID: 0}
    - target: {fileID: 8815075028596780751, guid: bb1c14f15e1986b449ab791dee31c096, type: 3}
      propertyPath: m_SizeDelta.x
      value: 1920
      objectReference: {fileID: 0}
    - target: {fileID: 8815075028596780751, guid: bb1c14f15e1986b449ab791dee31c096, type: 3}
      propertyPath: m_SizeDelta.y
      value: 1080
      objectReference: {fileID: 0}
    - target: {fileID: 8815075028596780751, guid: bb1c14f15e1986b449ab791dee31c096, type: 3}
      propertyPath: m_LocalScale.y
      value: 0.009999999
      objectReference: {fileID: 0}
    - target: {fileID: 8815075028596780751, guid: bb1c14f15e1986b449ab791dee31c096, type: 3}
      propertyPath: m_LocalScale.z
      value: 0.009999999
      objectReference: {fileID: 0}
    - target: {fileID: 8815075028596780751, guid: bb1c14f15e1986b449ab791dee31c096, type: 3}
      propertyPath: m_LocalPosition.x
      value: 0
      objectReference: {fileID: 0}
    - target: {fileID: 8815075028596780751, guid: bb1c14f15e1986b449ab791dee31c096, type: 3}
      propertyPath: m_LocalPosition.y
      value: 0
      objectReference: {fileID: 0}
    - target: {fileID: 8815075028596780751, guid: bb1c14f15e1986b449ab791dee31c096, type: 3}
      propertyPath: m_LocalPosition.z
      value: -4.5508757
      objectReference: {fileID: 0}
    - target: {fileID: 8815075028596780751, guid: bb1c14f15e1986b449ab791dee31c096, type: 3}
      propertyPath: m_LocalRotation.w
      value: 0.7071068
      objectReference: {fileID: 0}
    - target: {fileID: 8815075028596780751, guid: bb1c14f15e1986b449ab791dee31c096, type: 3}
      propertyPath: m_LocalRotation.x
      value: 0.7071068
      objectReference: {fileID: 0}
    - target: {fileID: 8815075028596780751, guid: bb1c14f15e1986b449ab791dee31c096, type: 3}
      propertyPath: m_LocalRotation.y
      value: -0
      objectReference: {fileID: 0}
    - target: {fileID: 8815075028596780751, guid: bb1c14f15e1986b449ab791dee31c096, type: 3}
      propertyPath: m_LocalRotation.z
      value: -0
      objectReference: {fileID: 0}
    - target: {fileID: 8815075028596780751, guid: bb1c14f15e1986b449ab791dee31c096, type: 3}
      propertyPath: m_AnchoredPosition.x
      value: 62.051773
      objectReference: {fileID: 0}
    - target: {fileID: 8815075028596780751, guid: bb1c14f15e1986b449ab791dee31c096, type: 3}
      propertyPath: m_AnchoredPosition.y
      value: 80.06884
      objectReference: {fileID: 0}
    - target: {fileID: 8815075028596780751, guid: bb1c14f15e1986b449ab791dee31c096, type: 3}
      propertyPath: m_LocalEulerAnglesHint.x
      value: 90
      objectReference: {fileID: 0}
    - target: {fileID: 8815075028596780751, guid: bb1c14f15e1986b449ab791dee31c096, type: 3}
      propertyPath: m_LocalEulerAnglesHint.y
      value: 0
      objectReference: {fileID: 0}
    - target: {fileID: 8815075028596780751, guid: bb1c14f15e1986b449ab791dee31c096, type: 3}
      propertyPath: m_LocalEulerAnglesHint.z
      value: 0
      objectReference: {fileID: 0}
    - target: {fileID: 8815075028596780784, guid: bb1c14f15e1986b449ab791dee31c096, type: 3}
      propertyPath: m_Name
      value: Tutorial
      objectReference: {fileID: 0}
    - target: {fileID: 8815075028596780787, guid: bb1c14f15e1986b449ab791dee31c096, type: 3}
      propertyPath: PositonWall.x
      value: -13.66
      objectReference: {fileID: 0}
    - target: {fileID: 8815075028596780787, guid: bb1c14f15e1986b449ab791dee31c096, type: 3}
      propertyPath: PositonWall.y
      value: 7.18
      objectReference: {fileID: 0}
    - target: {fileID: 8815075028596780787, guid: bb1c14f15e1986b449ab791dee31c096, type: 3}
      propertyPath: PositonWall.z
      value: -25.6
      objectReference: {fileID: 0}
    - target: {fileID: 8815075028596780787, guid: bb1c14f15e1986b449ab791dee31c096, type: 3}
      propertyPath: PositionFloor.x
      value: -10.14
      objectReference: {fileID: 0}
    - target: {fileID: 8815075028596780787, guid: bb1c14f15e1986b449ab791dee31c096, type: 3}
      propertyPath: PositionFloor.y
      value: 13.18
      objectReference: {fileID: 0}
    - target: {fileID: 8815075028596780787, guid: bb1c14f15e1986b449ab791dee31c096, type: 3}
      propertyPath: PositionFloor.z
      value: -20
      objectReference: {fileID: 0}
    m_RemovedComponents: []
  m_SourcePrefab: {fileID: 100100000, guid: bb1c14f15e1986b449ab791dee31c096, type: 3}
--- !u!224 &3404150166305400804 stripped
RectTransform:
  m_CorrespondingSourceObject: {fileID: 8815075028596780751, guid: bb1c14f15e1986b449ab791dee31c096, type: 3}
  m_PrefabInstance: {fileID: 6154318985200732459}
  m_PrefabAsset: {fileID: 0}
--- !u!1001 &6391104686960454432
PrefabInstance:
  m_ObjectHideFlags: 0
  serializedVersion: 2
  m_Modification:
    m_TransformParent: {fileID: 9018783152666543000}
    m_Modifications:
    - target: {fileID: 8090039114357258809, guid: 36debda1121ecb8499682bcf3847513f, type: 3}
      propertyPath: m_Name
      value: small_torch (1)
      objectReference: {fileID: 0}
    - target: {fileID: 8867102896369950851, guid: 36debda1121ecb8499682bcf3847513f, type: 3}
      propertyPath: m_RootOrder
      value: 17
      objectReference: {fileID: 0}
    - target: {fileID: 8867102896369950851, guid: 36debda1121ecb8499682bcf3847513f, type: 3}
      propertyPath: m_LocalPosition.x
      value: 86.99677
      objectReference: {fileID: 0}
    - target: {fileID: 8867102896369950851, guid: 36debda1121ecb8499682bcf3847513f, type: 3}
      propertyPath: m_LocalPosition.y
      value: 69.452805
      objectReference: {fileID: 0}
    - target: {fileID: 8867102896369950851, guid: 36debda1121ecb8499682bcf3847513f, type: 3}
      propertyPath: m_LocalPosition.z
      value: 18.804123
      objectReference: {fileID: 0}
    - target: {fileID: 8867102896369950851, guid: 36debda1121ecb8499682bcf3847513f, type: 3}
      propertyPath: m_LocalRotation.w
      value: 0
      objectReference: {fileID: 0}
    - target: {fileID: 8867102896369950851, guid: 36debda1121ecb8499682bcf3847513f, type: 3}
      propertyPath: m_LocalRotation.x
      value: -0
      objectReference: {fileID: 0}
    - target: {fileID: 8867102896369950851, guid: 36debda1121ecb8499682bcf3847513f, type: 3}
      propertyPath: m_LocalRotation.y
      value: 1
      objectReference: {fileID: 0}
    - target: {fileID: 8867102896369950851, guid: 36debda1121ecb8499682bcf3847513f, type: 3}
      propertyPath: m_LocalRotation.z
      value: -0
      objectReference: {fileID: 0}
    - target: {fileID: 8867102896369950851, guid: 36debda1121ecb8499682bcf3847513f, type: 3}
      propertyPath: m_LocalEulerAnglesHint.x
      value: 0
      objectReference: {fileID: 0}
    - target: {fileID: 8867102896369950851, guid: 36debda1121ecb8499682bcf3847513f, type: 3}
      propertyPath: m_LocalEulerAnglesHint.y
      value: 180
      objectReference: {fileID: 0}
    - target: {fileID: 8867102896369950851, guid: 36debda1121ecb8499682bcf3847513f, type: 3}
      propertyPath: m_LocalEulerAnglesHint.z
      value: 0
      objectReference: {fileID: 0}
    m_RemovedComponents: []
  m_SourcePrefab: {fileID: 100100000, guid: 36debda1121ecb8499682bcf3847513f, type: 3}
--- !u!4 &2575923486416128931 stripped
Transform:
  m_CorrespondingSourceObject: {fileID: 8867102896369950851, guid: 36debda1121ecb8499682bcf3847513f, type: 3}
  m_PrefabInstance: {fileID: 6391104686960454432}
  m_PrefabAsset: {fileID: 0}
--- !u!1001 &6832153561891016316
PrefabInstance:
  m_ObjectHideFlags: 0
  serializedVersion: 2
  m_Modification:
    m_TransformParent: {fileID: 9018783152666543000}
    m_Modifications:
    - target: {fileID: 7336114536649369105, guid: fcf1751eda018dd469887a125b69a7cb, type: 3}
      propertyPath: m_Name
      value: large_torch
      objectReference: {fileID: 0}
    - target: {fileID: 7963716411210136747, guid: fcf1751eda018dd469887a125b69a7cb, type: 3}
      propertyPath: m_RootOrder
      value: 18
      objectReference: {fileID: 0}
    - target: {fileID: 7963716411210136747, guid: fcf1751eda018dd469887a125b69a7cb, type: 3}
      propertyPath: m_LocalPosition.x
      value: 88.94586
      objectReference: {fileID: 0}
    - target: {fileID: 7963716411210136747, guid: fcf1751eda018dd469887a125b69a7cb, type: 3}
      propertyPath: m_LocalPosition.y
      value: 63.628834
      objectReference: {fileID: 0}
    - target: {fileID: 7963716411210136747, guid: fcf1751eda018dd469887a125b69a7cb, type: 3}
      propertyPath: m_LocalPosition.z
      value: -0.91318417
      objectReference: {fileID: 0}
    - target: {fileID: 7963716411210136747, guid: fcf1751eda018dd469887a125b69a7cb, type: 3}
      propertyPath: m_LocalRotation.w
      value: 1
      objectReference: {fileID: 0}
    - target: {fileID: 7963716411210136747, guid: fcf1751eda018dd469887a125b69a7cb, type: 3}
      propertyPath: m_LocalRotation.x
      value: -0
      objectReference: {fileID: 0}
    - target: {fileID: 7963716411210136747, guid: fcf1751eda018dd469887a125b69a7cb, type: 3}
      propertyPath: m_LocalRotation.y
      value: -0
      objectReference: {fileID: 0}
    - target: {fileID: 7963716411210136747, guid: fcf1751eda018dd469887a125b69a7cb, type: 3}
      propertyPath: m_LocalRotation.z
      value: -0
      objectReference: {fileID: 0}
    - target: {fileID: 7963716411210136747, guid: fcf1751eda018dd469887a125b69a7cb, type: 3}
      propertyPath: m_LocalEulerAnglesHint.x
      value: 0
      objectReference: {fileID: 0}
    - target: {fileID: 7963716411210136747, guid: fcf1751eda018dd469887a125b69a7cb, type: 3}
      propertyPath: m_LocalEulerAnglesHint.y
      value: 0
      objectReference: {fileID: 0}
    - target: {fileID: 7963716411210136747, guid: fcf1751eda018dd469887a125b69a7cb, type: 3}
      propertyPath: m_LocalEulerAnglesHint.z
      value: 0
      objectReference: {fileID: 0}
    m_RemovedComponents: []
  m_SourcePrefab: {fileID: 100100000, guid: fcf1751eda018dd469887a125b69a7cb, type: 3}
--- !u!4 &3482516811424985815 stripped
Transform:
  m_CorrespondingSourceObject: {fileID: 7963716411210136747, guid: fcf1751eda018dd469887a125b69a7cb, type: 3}
  m_PrefabInstance: {fileID: 6832153561891016316}
  m_PrefabAsset: {fileID: 0}
--- !u!1001 &8292821768537421064
PrefabInstance:
  m_ObjectHideFlags: 0
  serializedVersion: 2
  m_Modification:
    m_TransformParent: {fileID: 9018783152666543000}
    m_Modifications:
    - target: {fileID: 1026576659842323062, guid: 20efaa0d21d8dec4faaeab1352fd7e48, type: 3}
      propertyPath: m_RootOrder
      value: 9
      objectReference: {fileID: 0}
    - target: {fileID: 1026576659842323062, guid: 20efaa0d21d8dec4faaeab1352fd7e48, type: 3}
      propertyPath: m_LocalPosition.x
      value: 55.63178
      objectReference: {fileID: 0}
    - target: {fileID: 1026576659842323062, guid: 20efaa0d21d8dec4faaeab1352fd7e48, type: 3}
      propertyPath: m_LocalPosition.y
      value: 63.428837
      objectReference: {fileID: 0}
    - target: {fileID: 1026576659842323062, guid: 20efaa0d21d8dec4faaeab1352fd7e48, type: 3}
      propertyPath: m_LocalPosition.z
      value: -31.030874
      objectReference: {fileID: 0}
    - target: {fileID: 1026576659842323062, guid: 20efaa0d21d8dec4faaeab1352fd7e48, type: 3}
      propertyPath: m_LocalRotation.w
      value: -0.7071068
      objectReference: {fileID: 0}
    - target: {fileID: 1026576659842323062, guid: 20efaa0d21d8dec4faaeab1352fd7e48, type: 3}
      propertyPath: m_LocalRotation.x
      value: 0
      objectReference: {fileID: 0}
    - target: {fileID: 1026576659842323062, guid: 20efaa0d21d8dec4faaeab1352fd7e48, type: 3}
      propertyPath: m_LocalRotation.y
      value: 0.7071068
      objectReference: {fileID: 0}
    - target: {fileID: 1026576659842323062, guid: 20efaa0d21d8dec4faaeab1352fd7e48, type: 3}
      propertyPath: m_LocalRotation.z
      value: -0
      objectReference: {fileID: 0}
    - target: {fileID: 1026576659842323062, guid: 20efaa0d21d8dec4faaeab1352fd7e48, type: 3}
      propertyPath: m_LocalEulerAnglesHint.x
      value: 0
      objectReference: {fileID: 0}
    - target: {fileID: 1026576659842323062, guid: 20efaa0d21d8dec4faaeab1352fd7e48, type: 3}
      propertyPath: m_LocalEulerAnglesHint.y
      value: 0
      objectReference: {fileID: 0}
    - target: {fileID: 1026576659842323062, guid: 20efaa0d21d8dec4faaeab1352fd7e48, type: 3}
      propertyPath: m_LocalEulerAnglesHint.z
      value: 0
      objectReference: {fileID: 0}
    - target: {fileID: 1026576659842323063, guid: 20efaa0d21d8dec4faaeab1352fd7e48, type: 3}
      propertyPath: m_Name
      value: Room_Corner_left_back
      objectReference: {fileID: 0}
    m_RemovedComponents: []
  m_SourcePrefab: {fileID: 100100000, guid: 20efaa0d21d8dec4faaeab1352fd7e48, type: 3}
--- !u!4 &9018783152714770302 stripped
Transform:
  m_CorrespondingSourceObject: {fileID: 1026576659842323062, guid: 20efaa0d21d8dec4faaeab1352fd7e48, type: 3}
  m_PrefabInstance: {fileID: 8292821768537421064}
  m_PrefabAsset: {fileID: 0}
--- !u!1001 &8742324953057269847
PrefabInstance:
  m_ObjectHideFlags: 0
  serializedVersion: 2
  m_Modification:
    m_TransformParent: {fileID: 9018783152666543000}
    m_Modifications:
    - target: {fileID: 6937053548578284998, guid: 59174fc1b528fe142a1171db638bf549, type: 3}
      propertyPath: m_RootOrder
      value: 15
      objectReference: {fileID: 0}
    - target: {fileID: 6937053548578284998, guid: 59174fc1b528fe142a1171db638bf549, type: 3}
      propertyPath: m_LocalPosition.x
      value: 81.33179
      objectReference: {fileID: 0}
    - target: {fileID: 6937053548578284998, guid: 59174fc1b528fe142a1171db638bf549, type: 3}
      propertyPath: m_LocalPosition.y
      value: 76.25384
      objectReference: {fileID: 0}
    - target: {fileID: 6937053548578284998, guid: 59174fc1b528fe142a1171db638bf549, type: 3}
      propertyPath: m_LocalPosition.z
      value: 20.26912
      objectReference: {fileID: 0}
    - target: {fileID: 6937053548578284998, guid: 59174fc1b528fe142a1171db638bf549, type: 3}
      propertyPath: m_LocalRotation.w
      value: 1
      objectReference: {fileID: 0}
    - target: {fileID: 6937053548578284998, guid: 59174fc1b528fe142a1171db638bf549, type: 3}
      propertyPath: m_LocalRotation.x
      value: -0
      objectReference: {fileID: 0}
    - target: {fileID: 6937053548578284998, guid: 59174fc1b528fe142a1171db638bf549, type: 3}
      propertyPath: m_LocalRotation.y
      value: -0
      objectReference: {fileID: 0}
    - target: {fileID: 6937053548578284998, guid: 59174fc1b528fe142a1171db638bf549, type: 3}
      propertyPath: m_LocalRotation.z
      value: -0
      objectReference: {fileID: 0}
    - target: {fileID: 6937053548578284998, guid: 59174fc1b528fe142a1171db638bf549, type: 3}
      propertyPath: m_LocalEulerAnglesHint.x
      value: 0
      objectReference: {fileID: 0}
    - target: {fileID: 6937053548578284998, guid: 59174fc1b528fe142a1171db638bf549, type: 3}
      propertyPath: m_LocalEulerAnglesHint.y
      value: 0
      objectReference: {fileID: 0}
    - target: {fileID: 6937053548578284998, guid: 59174fc1b528fe142a1171db638bf549, type: 3}
      propertyPath: m_LocalEulerAnglesHint.z
      value: 0
      objectReference: {fileID: 0}
    - target: {fileID: 7714259197905305468, guid: 59174fc1b528fe142a1171db638bf549, type: 3}
      propertyPath: m_Name
      value: room_ceiling_see_through (1)
      objectReference: {fileID: 0}
    m_RemovedComponents: []
  m_SourcePrefab: {fileID: 100100000, guid: 59174fc1b528fe142a1171db638bf549, type: 3}
--- !u!4 &1808097716461125009 stripped
Transform:
  m_CorrespondingSourceObject: {fileID: 6937053548578284998, guid: 59174fc1b528fe142a1171db638bf549, type: 3}
  m_PrefabInstance: {fileID: 8742324953057269847}
  m_PrefabAsset: {fileID: 0}
--- !u!1001 &9018783151101384203
PrefabInstance:
  m_ObjectHideFlags: 0
  serializedVersion: 2
  m_Modification:
    m_TransformParent: {fileID: 9018783152666543000}
    m_Modifications:
    - target: {fileID: 7336002664166882132, guid: d16d89e05ad3d49458ed554ba33485aa, type: 3}
      propertyPath: m_Name
      value: Room_Side_Back
      objectReference: {fileID: 0}
    - target: {fileID: 7963884914993799662, guid: d16d89e05ad3d49458ed554ba33485aa, type: 3}
      propertyPath: m_RootOrder
      value: 2
      objectReference: {fileID: 0}
    - target: {fileID: 7963884914993799662, guid: d16d89e05ad3d49458ed554ba33485aa, type: 3}
      propertyPath: m_LocalPosition.x
      value: 68.43178
      objectReference: {fileID: 0}
    - target: {fileID: 7963884914993799662, guid: d16d89e05ad3d49458ed554ba33485aa, type: 3}
      propertyPath: m_LocalPosition.y
      value: 63.428837
      objectReference: {fileID: 0}
    - target: {fileID: 7963884914993799662, guid: d16d89e05ad3d49458ed554ba33485aa, type: 3}
      propertyPath: m_LocalPosition.z
      value: -31.030872
      objectReference: {fileID: 0}
    - target: {fileID: 7963884914993799662, guid: d16d89e05ad3d49458ed554ba33485aa, type: 3}
      propertyPath: m_LocalRotation.w
      value: -0.7071068
      objectReference: {fileID: 0}
    - target: {fileID: 7963884914993799662, guid: d16d89e05ad3d49458ed554ba33485aa, type: 3}
      propertyPath: m_LocalRotation.x
      value: 0
      objectReference: {fileID: 0}
    - target: {fileID: 7963884914993799662, guid: d16d89e05ad3d49458ed554ba33485aa, type: 3}
      propertyPath: m_LocalRotation.y
      value: 0.7071068
      objectReference: {fileID: 0}
    - target: {fileID: 7963884914993799662, guid: d16d89e05ad3d49458ed554ba33485aa, type: 3}
      propertyPath: m_LocalRotation.z
      value: -0
      objectReference: {fileID: 0}
    - target: {fileID: 7963884914993799662, guid: d16d89e05ad3d49458ed554ba33485aa, type: 3}
      propertyPath: m_LocalEulerAnglesHint.x
      value: 0
      objectReference: {fileID: 0}
    - target: {fileID: 7963884914993799662, guid: d16d89e05ad3d49458ed554ba33485aa, type: 3}
      propertyPath: m_LocalEulerAnglesHint.y
      value: -90
      objectReference: {fileID: 0}
    - target: {fileID: 7963884914993799662, guid: d16d89e05ad3d49458ed554ba33485aa, type: 3}
      propertyPath: m_LocalEulerAnglesHint.z
      value: 0
      objectReference: {fileID: 0}
    m_RemovedComponents: []
  m_SourcePrefab: {fileID: 100100000, guid: d16d89e05ad3d49458ed554ba33485aa, type: 3}
--- !u!4 &1417578749647468517 stripped
Transform:
  m_CorrespondingSourceObject: {fileID: 7963884914993799662, guid: d16d89e05ad3d49458ed554ba33485aa, type: 3}
  m_PrefabInstance: {fileID: 9018783151101384203}
  m_PrefabAsset: {fileID: 0}
--- !u!1001 &9018783152349601499
PrefabInstance:
  m_ObjectHideFlags: 0
  serializedVersion: 2
  m_Modification:
    m_TransformParent: {fileID: 9018783152666543000}
    m_Modifications:
    - target: {fileID: 8615585655875850564, guid: 02078304024f3e2458df8b6351d6c579, type: 3}
      propertyPath: m_RootOrder
      value: 11
      objectReference: {fileID: 0}
    - target: {fileID: 8615585655875850564, guid: 02078304024f3e2458df8b6351d6c579, type: 3}
      propertyPath: m_LocalPosition.x
      value: 68.43178
      objectReference: {fileID: 0}
    - target: {fileID: 8615585655875850564, guid: 02078304024f3e2458df8b6351d6c579, type: 3}
      propertyPath: m_LocalPosition.y
      value: 63.428837
      objectReference: {fileID: 0}
    - target: {fileID: 8615585655875850564, guid: 02078304024f3e2458df8b6351d6c579, type: 3}
      propertyPath: m_LocalPosition.z
      value: -18.330875
      objectReference: {fileID: 0}
    - target: {fileID: 8615585655875850564, guid: 02078304024f3e2458df8b6351d6c579, type: 3}
      propertyPath: m_LocalRotation.w
      value: 1
      objectReference: {fileID: 0}
    - target: {fileID: 8615585655875850564, guid: 02078304024f3e2458df8b6351d6c579, type: 3}
      propertyPath: m_LocalRotation.x
      value: -0
      objectReference: {fileID: 0}
    - target: {fileID: 8615585655875850564, guid: 02078304024f3e2458df8b6351d6c579, type: 3}
      propertyPath: m_LocalRotation.y
      value: -0
      objectReference: {fileID: 0}
    - target: {fileID: 8615585655875850564, guid: 02078304024f3e2458df8b6351d6c579, type: 3}
      propertyPath: m_LocalRotation.z
      value: -0
      objectReference: {fileID: 0}
    - target: {fileID: 8615585655875850564, guid: 02078304024f3e2458df8b6351d6c579, type: 3}
      propertyPath: m_LocalEulerAnglesHint.x
      value: 0
      objectReference: {fileID: 0}
    - target: {fileID: 8615585655875850564, guid: 02078304024f3e2458df8b6351d6c579, type: 3}
      propertyPath: m_LocalEulerAnglesHint.y
      value: 0
      objectReference: {fileID: 0}
    - target: {fileID: 8615585655875850564, guid: 02078304024f3e2458df8b6351d6c579, type: 3}
      propertyPath: m_LocalEulerAnglesHint.z
      value: 0
      objectReference: {fileID: 0}
    - target: {fileID: 8996895925303380990, guid: 02078304024f3e2458df8b6351d6c579, type: 3}
      propertyPath: m_Name
      value: Floor_slightly_damaged
      objectReference: {fileID: 0}
    m_RemovedComponents: []
  m_SourcePrefab: {fileID: 100100000, guid: 02078304024f3e2458df8b6351d6c579, type: 3}
--- !u!4 &772810438751358879 stripped
Transform:
  m_CorrespondingSourceObject: {fileID: 8615585655875850564, guid: 02078304024f3e2458df8b6351d6c579, type: 3}
  m_PrefabInstance: {fileID: 9018783152349601499}
  m_PrefabAsset: {fileID: 0}
--- !u!1001 &9018783152415356144
PrefabInstance:
  m_ObjectHideFlags: 0
  serializedVersion: 2
  m_Modification:
    m_TransformParent: {fileID: 9018783152666543000}
    m_Modifications:
    - target: {fileID: 2445610151231412777, guid: a74c060c0ae26c24394f46264bafcf90, type: 3}
      propertyPath: m_RootOrder
      value: 3
      objectReference: {fileID: 0}
    - target: {fileID: 2445610151231412777, guid: a74c060c0ae26c24394f46264bafcf90, type: 3}
      propertyPath: m_LocalPosition.x
      value: 55.63178
      objectReference: {fileID: 0}
    - target: {fileID: 2445610151231412777, guid: a74c060c0ae26c24394f46264bafcf90, type: 3}
      propertyPath: m_LocalPosition.y
      value: 63.428837
      objectReference: {fileID: 0}
    - target: {fileID: 2445610151231412777, guid: a74c060c0ae26c24394f46264bafcf90, type: 3}
      propertyPath: m_LocalPosition.z
      value: -18.230873
      objectReference: {fileID: 0}
    - target: {fileID: 2445610151231412777, guid: a74c060c0ae26c24394f46264bafcf90, type: 3}
      propertyPath: m_LocalRotation.w
      value: 1
      objectReference: {fileID: 0}
    - target: {fileID: 2445610151231412777, guid: a74c060c0ae26c24394f46264bafcf90, type: 3}
      propertyPath: m_LocalRotation.x
      value: -0
      objectReference: {fileID: 0}
    - target: {fileID: 2445610151231412777, guid: a74c060c0ae26c24394f46264bafcf90, type: 3}
      propertyPath: m_LocalRotation.y
      value: -0
      objectReference: {fileID: 0}
    - target: {fileID: 2445610151231412777, guid: a74c060c0ae26c24394f46264bafcf90, type: 3}
      propertyPath: m_LocalRotation.z
      value: -0
      objectReference: {fileID: 0}
    - target: {fileID: 2445610151231412777, guid: a74c060c0ae26c24394f46264bafcf90, type: 3}
      propertyPath: m_LocalEulerAnglesHint.x
      value: 0
      objectReference: {fileID: 0}
    - target: {fileID: 2445610151231412777, guid: a74c060c0ae26c24394f46264bafcf90, type: 3}
      propertyPath: m_LocalEulerAnglesHint.y
      value: 0
      objectReference: {fileID: 0}
    - target: {fileID: 2445610151231412777, guid: a74c060c0ae26c24394f46264bafcf90, type: 3}
      propertyPath: m_LocalEulerAnglesHint.z
      value: 0
      objectReference: {fileID: 0}
    - target: {fileID: 3079157940612792467, guid: a74c060c0ae26c24394f46264bafcf90, type: 3}
      propertyPath: m_Name
      value: Room_Side_Left
      objectReference: {fileID: 0}
    m_RemovedComponents: []
  m_SourcePrefab: {fileID: 100100000, guid: a74c060c0ae26c24394f46264bafcf90, type: 3}
--- !u!4 &6690565672684121817 stripped
Transform:
  m_CorrespondingSourceObject: {fileID: 2445610151231412777, guid: a74c060c0ae26c24394f46264bafcf90, type: 3}
  m_PrefabInstance: {fileID: 9018783152415356144}
  m_PrefabAsset: {fileID: 0}
--- !u!1001 &9018783152439709113
PrefabInstance:
  m_ObjectHideFlags: 0
  serializedVersion: 2
  m_Modification:
    m_TransformParent: {fileID: 9018783152666543000}
    m_Modifications:
    - target: {fileID: 4941557794191465279, guid: d1ee2705dd8a81f47a4c67ec1a75aee6, type: 3}
      propertyPath: m_RootOrder
      value: 4
      objectReference: {fileID: 0}
    - target: {fileID: 4941557794191465279, guid: d1ee2705dd8a81f47a4c67ec1a75aee6, type: 3}
      propertyPath: m_LocalPosition.x
      value: 68.43178
      objectReference: {fileID: 0}
    - target: {fileID: 4941557794191465279, guid: d1ee2705dd8a81f47a4c67ec1a75aee6, type: 3}
      propertyPath: m_LocalPosition.y
      value: 63.428837
      objectReference: {fileID: 0}
    - target: {fileID: 4941557794191465279, guid: d1ee2705dd8a81f47a4c67ec1a75aee6, type: 3}
      propertyPath: m_LocalPosition.z
      value: -5.530876
      objectReference: {fileID: 0}
    - target: {fileID: 4941557794191465279, guid: d1ee2705dd8a81f47a4c67ec1a75aee6, type: 3}
      propertyPath: m_LocalRotation.w
      value: 0.7071068
      objectReference: {fileID: 0}
    - target: {fileID: 4941557794191465279, guid: d1ee2705dd8a81f47a4c67ec1a75aee6, type: 3}
      propertyPath: m_LocalRotation.x
      value: -0
      objectReference: {fileID: 0}
    - target: {fileID: 4941557794191465279, guid: d1ee2705dd8a81f47a4c67ec1a75aee6, type: 3}
      propertyPath: m_LocalRotation.y
      value: 0.7071068
      objectReference: {fileID: 0}
    - target: {fileID: 4941557794191465279, guid: d1ee2705dd8a81f47a4c67ec1a75aee6, type: 3}
      propertyPath: m_LocalRotation.z
      value: -0
      objectReference: {fileID: 0}
    - target: {fileID: 4941557794191465279, guid: d1ee2705dd8a81f47a4c67ec1a75aee6, type: 3}
      propertyPath: m_LocalEulerAnglesHint.x
      value: 0
      objectReference: {fileID: 0}
    - target: {fileID: 4941557794191465279, guid: d1ee2705dd8a81f47a4c67ec1a75aee6, type: 3}
      propertyPath: m_LocalEulerAnglesHint.y
      value: 90
      objectReference: {fileID: 0}
    - target: {fileID: 4941557794191465279, guid: d1ee2705dd8a81f47a4c67ec1a75aee6, type: 3}
      propertyPath: m_LocalEulerAnglesHint.z
      value: 0
      objectReference: {fileID: 0}
    - target: {fileID: 5753383765336916357, guid: d1ee2705dd8a81f47a4c67ec1a75aee6, type: 3}
      propertyPath: m_Name
      value: Room_Side_Front
      objectReference: {fileID: 0}
    m_RemovedComponents: []
  m_SourcePrefab: {fileID: 100100000, guid: d1ee2705dd8a81f47a4c67ec1a75aee6, type: 3}
--- !u!4 &4159874560833492614 stripped
Transform:
  m_CorrespondingSourceObject: {fileID: 4941557794191465279, guid: d1ee2705dd8a81f47a4c67ec1a75aee6, type: 3}
  m_PrefabInstance: {fileID: 9018783152439709113}
  m_PrefabAsset: {fileID: 0}
--- !u!1001 &9018783152498924004
PrefabInstance:
  m_ObjectHideFlags: 0
  serializedVersion: 2
  m_Modification:
    m_TransformParent: {fileID: 9018783152666543000}
    m_Modifications:
    - target: {fileID: 7336002664166882132, guid: d16d89e05ad3d49458ed554ba33485aa, type: 3}
      propertyPath: m_Name
      value: Room_Side_Back
      objectReference: {fileID: 0}
    - target: {fileID: 7963884914993799662, guid: d16d89e05ad3d49458ed554ba33485aa, type: 3}
      propertyPath: m_RootOrder
      value: 1
      objectReference: {fileID: 0}
    - target: {fileID: 7963884914993799662, guid: d16d89e05ad3d49458ed554ba33485aa, type: 3}
      propertyPath: m_LocalPosition.x
      value: 81.23178
      objectReference: {fileID: 0}
    - target: {fileID: 7963884914993799662, guid: d16d89e05ad3d49458ed554ba33485aa, type: 3}
      propertyPath: m_LocalPosition.y
      value: 63.428837
      objectReference: {fileID: 0}
    - target: {fileID: 7963884914993799662, guid: d16d89e05ad3d49458ed554ba33485aa, type: 3}
      propertyPath: m_LocalPosition.z
      value: -31.03087
      objectReference: {fileID: 0}
    - target: {fileID: 7963884914993799662, guid: d16d89e05ad3d49458ed554ba33485aa, type: 3}
      propertyPath: m_LocalRotation.w
      value: -0.7071068
      objectReference: {fileID: 0}
    - target: {fileID: 7963884914993799662, guid: d16d89e05ad3d49458ed554ba33485aa, type: 3}
      propertyPath: m_LocalRotation.x
      value: 0
      objectReference: {fileID: 0}
    - target: {fileID: 7963884914993799662, guid: d16d89e05ad3d49458ed554ba33485aa, type: 3}
      propertyPath: m_LocalRotation.y
      value: 0.7071068
      objectReference: {fileID: 0}
    - target: {fileID: 7963884914993799662, guid: d16d89e05ad3d49458ed554ba33485aa, type: 3}
      propertyPath: m_LocalRotation.z
      value: -0
      objectReference: {fileID: 0}
    - target: {fileID: 7963884914993799662, guid: d16d89e05ad3d49458ed554ba33485aa, type: 3}
      propertyPath: m_LocalEulerAnglesHint.x
      value: 0
      objectReference: {fileID: 0}
    - target: {fileID: 7963884914993799662, guid: d16d89e05ad3d49458ed554ba33485aa, type: 3}
      propertyPath: m_LocalEulerAnglesHint.y
      value: -90
      objectReference: {fileID: 0}
    - target: {fileID: 7963884914993799662, guid: d16d89e05ad3d49458ed554ba33485aa, type: 3}
      propertyPath: m_LocalEulerAnglesHint.z
      value: 0
      objectReference: {fileID: 0}
    m_RemovedComponents: []
  m_SourcePrefab: {fileID: 100100000, guid: d16d89e05ad3d49458ed554ba33485aa, type: 3}
--- !u!4 &1417578750366054410 stripped
Transform:
  m_CorrespondingSourceObject: {fileID: 7963884914993799662, guid: d16d89e05ad3d49458ed554ba33485aa, type: 3}
  m_PrefabInstance: {fileID: 9018783152498924004}
  m_PrefabAsset: {fileID: 0}
--- !u!1001 &9018783152578346386
PrefabInstance:
  m_ObjectHideFlags: 0
  serializedVersion: 2
  m_Modification:
    m_TransformParent: {fileID: 9018783152666543000}
    m_Modifications:
    - target: {fileID: 8615585655875850564, guid: 02078304024f3e2458df8b6351d6c579, type: 3}
      propertyPath: m_RootOrder
      value: 10
      objectReference: {fileID: 0}
    - target: {fileID: 8615585655875850564, guid: 02078304024f3e2458df8b6351d6c579, type: 3}
      propertyPath: m_LocalPosition.x
      value: 81.23178
      objectReference: {fileID: 0}
    - target: {fileID: 8615585655875850564, guid: 02078304024f3e2458df8b6351d6c579, type: 3}
      propertyPath: m_LocalPosition.y
      value: 63.428837
      objectReference: {fileID: 0}
    - target: {fileID: 8615585655875850564, guid: 02078304024f3e2458df8b6351d6c579, type: 3}
      propertyPath: m_LocalPosition.z
      value: -5.930876
      objectReference: {fileID: 0}
    - target: {fileID: 8615585655875850564, guid: 02078304024f3e2458df8b6351d6c579, type: 3}
      propertyPath: m_LocalRotation.w
      value: 1
      objectReference: {fileID: 0}
    - target: {fileID: 8615585655875850564, guid: 02078304024f3e2458df8b6351d6c579, type: 3}
      propertyPath: m_LocalRotation.x
      value: -0
      objectReference: {fileID: 0}
    - target: {fileID: 8615585655875850564, guid: 02078304024f3e2458df8b6351d6c579, type: 3}
      propertyPath: m_LocalRotation.y
      value: -0
      objectReference: {fileID: 0}
    - target: {fileID: 8615585655875850564, guid: 02078304024f3e2458df8b6351d6c579, type: 3}
      propertyPath: m_LocalRotation.z
      value: -0
      objectReference: {fileID: 0}
    - target: {fileID: 8615585655875850564, guid: 02078304024f3e2458df8b6351d6c579, type: 3}
      propertyPath: m_LocalEulerAnglesHint.x
      value: 0
      objectReference: {fileID: 0}
    - target: {fileID: 8615585655875850564, guid: 02078304024f3e2458df8b6351d6c579, type: 3}
      propertyPath: m_LocalEulerAnglesHint.y
      value: 0
      objectReference: {fileID: 0}
    - target: {fileID: 8615585655875850564, guid: 02078304024f3e2458df8b6351d6c579, type: 3}
      propertyPath: m_LocalEulerAnglesHint.z
      value: 0
      objectReference: {fileID: 0}
    - target: {fileID: 8996895925303380990, guid: 02078304024f3e2458df8b6351d6c579, type: 3}
      propertyPath: m_Name
      value: Floor_slightly_damaged
      objectReference: {fileID: 0}
    m_RemovedComponents: []
  m_SourcePrefab: {fileID: 100100000, guid: 02078304024f3e2458df8b6351d6c579, type: 3}
--- !u!4 &772810438573026518 stripped
Transform:
  m_CorrespondingSourceObject: {fileID: 8615585655875850564, guid: 02078304024f3e2458df8b6351d6c579, type: 3}
  m_PrefabInstance: {fileID: 9018783152578346386}
  m_PrefabAsset: {fileID: 0}
--- !u!1001 &9018783152884601800
PrefabInstance:
  m_ObjectHideFlags: 0
  serializedVersion: 2
  m_Modification:
    m_TransformParent: {fileID: 9018783152666543000}
    m_Modifications:
    - target: {fileID: 1554561303052536259, guid: 2f361b5b51636fb49bb9360ba4f80fce, type: 3}
      propertyPath: m_Name
      value: Room_Side_Right
      objectReference: {fileID: 0}
    - target: {fileID: 2222871561033192313, guid: 2f361b5b51636fb49bb9360ba4f80fce, type: 3}
      propertyPath: m_RootOrder
      value: 0
      objectReference: {fileID: 0}
    - target: {fileID: 2222871561033192313, guid: 2f361b5b51636fb49bb9360ba4f80fce, type: 3}
      propertyPath: m_LocalPosition.x
      value: 94.031784
      objectReference: {fileID: 0}
    - target: {fileID: 2222871561033192313, guid: 2f361b5b51636fb49bb9360ba4f80fce, type: 3}
      propertyPath: m_LocalPosition.y
      value: 63.428837
      objectReference: {fileID: 0}
    - target: {fileID: 2222871561033192313, guid: 2f361b5b51636fb49bb9360ba4f80fce, type: 3}
      propertyPath: m_LocalPosition.z
      value: -18.23087
      objectReference: {fileID: 0}
    - target: {fileID: 2222871561033192313, guid: 2f361b5b51636fb49bb9360ba4f80fce, type: 3}
      propertyPath: m_LocalRotation.w
      value: 0
      objectReference: {fileID: 0}
    - target: {fileID: 2222871561033192313, guid: 2f361b5b51636fb49bb9360ba4f80fce, type: 3}
      propertyPath: m_LocalRotation.x
      value: -0
      objectReference: {fileID: 0}
    - target: {fileID: 2222871561033192313, guid: 2f361b5b51636fb49bb9360ba4f80fce, type: 3}
      propertyPath: m_LocalRotation.y
      value: 1
      objectReference: {fileID: 0}
    - target: {fileID: 2222871561033192313, guid: 2f361b5b51636fb49bb9360ba4f80fce, type: 3}
      propertyPath: m_LocalRotation.z
      value: -0
      objectReference: {fileID: 0}
    - target: {fileID: 2222871561033192313, guid: 2f361b5b51636fb49bb9360ba4f80fce, type: 3}
      propertyPath: m_LocalEulerAnglesHint.x
      value: 0
      objectReference: {fileID: 0}
    - target: {fileID: 2222871561033192313, guid: 2f361b5b51636fb49bb9360ba4f80fce, type: 3}
      propertyPath: m_LocalEulerAnglesHint.y
      value: -180
      objectReference: {fileID: 0}
    - target: {fileID: 2222871561033192313, guid: 2f361b5b51636fb49bb9360ba4f80fce, type: 3}
      propertyPath: m_LocalEulerAnglesHint.z
      value: 0
      objectReference: {fileID: 0}
    m_RemovedComponents: []
  m_SourcePrefab: {fileID: 100100000, guid: 2f361b5b51636fb49bb9360ba4f80fce, type: 3}
--- !u!4 &7201289434384646321 stripped
Transform:
  m_CorrespondingSourceObject: {fileID: 2222871561033192313, guid: 2f361b5b51636fb49bb9360ba4f80fce, type: 3}
  m_PrefabInstance: {fileID: 9018783152884601800}
  m_PrefabAsset: {fileID: 0}
--- !u!1001 &9018783152959418315
PrefabInstance:
  m_ObjectHideFlags: 0
  serializedVersion: 2
  m_Modification:
    m_TransformParent: {fileID: 9018783152666543000}
    m_Modifications:
    - target: {fileID: 3438091872170223523, guid: 2998df589dd46324ebb2015a0e1183a2, type: 3}
      propertyPath: m_RootOrder
      value: 13
      objectReference: {fileID: 0}
    - target: {fileID: 3438091872170223523, guid: 2998df589dd46324ebb2015a0e1183a2, type: 3}
      propertyPath: m_LocalPosition.x
      value: -0
      objectReference: {fileID: 0}
    - target: {fileID: 3438091872170223523, guid: 2998df589dd46324ebb2015a0e1183a2, type: 3}
      propertyPath: m_LocalPosition.y
      value: 0
      objectReference: {fileID: 0}
    - target: {fileID: 3438091872170223523, guid: 2998df589dd46324ebb2015a0e1183a2, type: 3}
      propertyPath: m_LocalPosition.z
      value: 0.02
      objectReference: {fileID: 0}
    - target: {fileID: 3438091872170223523, guid: 2998df589dd46324ebb2015a0e1183a2, type: 3}
      propertyPath: m_LocalRotation.w
      value: 1
      objectReference: {fileID: 0}
    - target: {fileID: 3438091872170223523, guid: 2998df589dd46324ebb2015a0e1183a2, type: 3}
      propertyPath: m_LocalRotation.x
      value: -0
      objectReference: {fileID: 0}
    - target: {fileID: 3438091872170223523, guid: 2998df589dd46324ebb2015a0e1183a2, type: 3}
      propertyPath: m_LocalRotation.y
      value: -0
      objectReference: {fileID: 0}
    - target: {fileID: 3438091872170223523, guid: 2998df589dd46324ebb2015a0e1183a2, type: 3}
      propertyPath: m_LocalRotation.z
      value: -0
      objectReference: {fileID: 0}
    - target: {fileID: 3438091872170223523, guid: 2998df589dd46324ebb2015a0e1183a2, type: 3}
      propertyPath: m_LocalEulerAnglesHint.x
      value: 0
      objectReference: {fileID: 0}
    - target: {fileID: 3438091872170223523, guid: 2998df589dd46324ebb2015a0e1183a2, type: 3}
      propertyPath: m_LocalEulerAnglesHint.y
      value: 0
      objectReference: {fileID: 0}
    - target: {fileID: 3438091872170223523, guid: 2998df589dd46324ebb2015a0e1183a2, type: 3}
      propertyPath: m_LocalEulerAnglesHint.z
      value: 0
      objectReference: {fileID: 0}
    - target: {fileID: 3438091872170223524, guid: 2998df589dd46324ebb2015a0e1183a2, type: 3}
      propertyPath: m_Name
      value: Small_Corridor_Straight (1)
      objectReference: {fileID: 0}
    m_RemovedComponents: []
  m_SourcePrefab: {fileID: 100100000, guid: 2998df589dd46324ebb2015a0e1183a2, type: 3}
--- !u!4 &5953663230054320232 stripped
Transform:
  m_CorrespondingSourceObject: {fileID: 3438091872170223523, guid: 2998df589dd46324ebb2015a0e1183a2, type: 3}
  m_PrefabInstance: {fileID: 9018783152959418315}
  m_PrefabAsset: {fileID: 0}
--- !u!1001 &9028336228816087310
PrefabInstance:
  m_ObjectHideFlags: 0
  serializedVersion: 2
  m_Modification:
    m_TransformParent: {fileID: 9018783152666543000}
    m_Modifications:
    - target: {fileID: 7336114536649369105, guid: fcf1751eda018dd469887a125b69a7cb, type: 3}
      propertyPath: m_Name
      value: large_torch (1)
      objectReference: {fileID: 0}
    - target: {fileID: 7963716411210136747, guid: fcf1751eda018dd469887a125b69a7cb, type: 3}
      propertyPath: m_RootOrder
      value: 19
      objectReference: {fileID: 0}
    - target: {fileID: 7963716411210136747, guid: fcf1751eda018dd469887a125b69a7cb, type: 3}
      propertyPath: m_LocalPosition.x
      value: 73.345856
      objectReference: {fileID: 0}
    - target: {fileID: 7963716411210136747, guid: fcf1751eda018dd469887a125b69a7cb, type: 3}
      propertyPath: m_LocalPosition.y
      value: 63.628834
      objectReference: {fileID: 0}
    - target: {fileID: 7963716411210136747, guid: fcf1751eda018dd469887a125b69a7cb, type: 3}
      propertyPath: m_LocalPosition.z
      value: -0.91318417
      objectReference: {fileID: 0}
    - target: {fileID: 7963716411210136747, guid: fcf1751eda018dd469887a125b69a7cb, type: 3}
      propertyPath: m_LocalRotation.w
      value: 1
      objectReference: {fileID: 0}
    - target: {fileID: 7963716411210136747, guid: fcf1751eda018dd469887a125b69a7cb, type: 3}
      propertyPath: m_LocalRotation.x
      value: -0
      objectReference: {fileID: 0}
    - target: {fileID: 7963716411210136747, guid: fcf1751eda018dd469887a125b69a7cb, type: 3}
      propertyPath: m_LocalRotation.y
      value: -0
      objectReference: {fileID: 0}
    - target: {fileID: 7963716411210136747, guid: fcf1751eda018dd469887a125b69a7cb, type: 3}
      propertyPath: m_LocalRotation.z
      value: -0
      objectReference: {fileID: 0}
    - target: {fileID: 7963716411210136747, guid: fcf1751eda018dd469887a125b69a7cb, type: 3}
      propertyPath: m_LocalEulerAnglesHint.x
      value: 0
      objectReference: {fileID: 0}
    - target: {fileID: 7963716411210136747, guid: fcf1751eda018dd469887a125b69a7cb, type: 3}
      propertyPath: m_LocalEulerAnglesHint.y
      value: 0
      objectReference: {fileID: 0}
    - target: {fileID: 7963716411210136747, guid: fcf1751eda018dd469887a125b69a7cb, type: 3}
      propertyPath: m_LocalEulerAnglesHint.z
      value: 0
      objectReference: {fileID: 0}
    m_RemovedComponents: []
  m_SourcePrefab: {fileID: 100100000, guid: fcf1751eda018dd469887a125b69a7cb, type: 3}
--- !u!4 &1427599397633365413 stripped
Transform:
  m_CorrespondingSourceObject: {fileID: 7963716411210136747, guid: fcf1751eda018dd469887a125b69a7cb, type: 3}
  m_PrefabInstance: {fileID: 9028336228816087310}
  m_PrefabAsset: {fileID: 0}
--- !u!1001 &9138293619262029939
PrefabInstance:
  m_ObjectHideFlags: 0
  serializedVersion: 2
  m_Modification:
    m_TransformParent: {fileID: 9018783152666543000}
    m_Modifications:
    - target: {fileID: 286148860682561596, guid: df99fee254d06844b9ffbedda30537b3, type: 3}
      propertyPath: m_Name
      value: Room_Corner_right_front
      objectReference: {fileID: 0}
    - target: {fileID: 286148860682561597, guid: df99fee254d06844b9ffbedda30537b3, type: 3}
      propertyPath: m_RootOrder
      value: 7
      objectReference: {fileID: 0}
    - target: {fileID: 286148860682561597, guid: df99fee254d06844b9ffbedda30537b3, type: 3}
      propertyPath: m_LocalPosition.x
      value: 94.03178
      objectReference: {fileID: 0}
    - target: {fileID: 286148860682561597, guid: df99fee254d06844b9ffbedda30537b3, type: 3}
      propertyPath: m_LocalPosition.y
      value: 63.428837
      objectReference: {fileID: 0}
    - target: {fileID: 286148860682561597, guid: df99fee254d06844b9ffbedda30537b3, type: 3}
      propertyPath: m_LocalPosition.z
      value: -5.730879
      objectReference: {fileID: 0}
    - target: {fileID: 286148860682561597, guid: df99fee254d06844b9ffbedda30537b3, type: 3}
      propertyPath: m_LocalRotation.w
      value: 0.7071068
      objectReference: {fileID: 0}
    - target: {fileID: 286148860682561597, guid: df99fee254d06844b9ffbedda30537b3, type: 3}
      propertyPath: m_LocalRotation.x
      value: -0
      objectReference: {fileID: 0}
    - target: {fileID: 286148860682561597, guid: df99fee254d06844b9ffbedda30537b3, type: 3}
      propertyPath: m_LocalRotation.y
      value: 0.7071068
      objectReference: {fileID: 0}
    - target: {fileID: 286148860682561597, guid: df99fee254d06844b9ffbedda30537b3, type: 3}
      propertyPath: m_LocalRotation.z
      value: -0
      objectReference: {fileID: 0}
    - target: {fileID: 286148860682561597, guid: df99fee254d06844b9ffbedda30537b3, type: 3}
      propertyPath: m_LocalEulerAnglesHint.x
      value: 0
      objectReference: {fileID: 0}
    - target: {fileID: 286148860682561597, guid: df99fee254d06844b9ffbedda30537b3, type: 3}
      propertyPath: m_LocalEulerAnglesHint.y
      value: 0
      objectReference: {fileID: 0}
    - target: {fileID: 286148860682561597, guid: df99fee254d06844b9ffbedda30537b3, type: 3}
      propertyPath: m_LocalEulerAnglesHint.z
      value: 0
      objectReference: {fileID: 0}
    m_RemovedComponents: []
  m_SourcePrefab: {fileID: 100100000, guid: df99fee254d06844b9ffbedda30537b3, type: 3}
--- !u!4 &9018783151652661326 stripped
Transform:
  m_CorrespondingSourceObject: {fileID: 286148860682561597, guid: df99fee254d06844b9ffbedda30537b3, type: 3}
  m_PrefabInstance: {fileID: 9138293619262029939}
  m_PrefabAsset: {fileID: 0}
