%YAML 1.1
%TAG !u! tag:unity3d.com,2011:
--- !u!1 &2486570768344004091
GameObject:
  m_ObjectHideFlags: 0
  m_CorrespondingSourceObject: {fileID: 0}
  m_PrefabInstance: {fileID: 0}
  m_PrefabAsset: {fileID: 0}
  serializedVersion: 6
  m_Component:
  - component: {fileID: 3223414366534627661}
  - component: {fileID: 2808872612756399518}
  - component: {fileID: 6906758259231050094}
  - component: {fileID: 3473453408953326665}
  - component: {fileID: 1347744238502904541}
  m_Layer: 0
  m_Name: default
  m_TagString: Untagged
  m_Icon: {fileID: 0}
  m_NavMeshLayer: 0
  m_StaticEditorFlags: 2147483647
  m_IsActive: 1
--- !u!4 &3223414366534627661
Transform:
  m_ObjectHideFlags: 0
  m_CorrespondingSourceObject: {fileID: 0}
  m_PrefabInstance: {fileID: 0}
  m_PrefabAsset: {fileID: 0}
  m_GameObject: {fileID: 2486570768344004091}
  m_LocalRotation: {x: 0, y: 0.7071068, z: 0, w: 0.7071068}
  m_LocalPosition: {x: -0, y: 0, z: 0}
  m_LocalScale: {x: 0.7936, y: 0.7936, z: 0.7936}
  m_ConstrainProportionsScale: 0
  m_Children: []
  m_Father: {fileID: 4959872244683481717}
  m_RootOrder: 0
  m_LocalEulerAnglesHint: {x: 0, y: 90, z: 0}
--- !u!33 &2808872612756399518
MeshFilter:
  m_ObjectHideFlags: 0
  m_CorrespondingSourceObject: {fileID: 0}
  m_PrefabInstance: {fileID: 0}
  m_PrefabAsset: {fileID: 0}
  m_GameObject: {fileID: 2486570768344004091}
  m_Mesh: {fileID: -2432090755550338912, guid: a55dd64590c614c008202fbd1492972d, type: 3}
--- !u!23 &6906758259231050094
MeshRenderer:
  m_ObjectHideFlags: 0
  m_CorrespondingSourceObject: {fileID: 0}
  m_PrefabInstance: {fileID: 0}
  m_PrefabAsset: {fileID: 0}
  m_GameObject: {fileID: 2486570768344004091}
  m_Enabled: 1
  m_CastShadows: 1
  m_ReceiveShadows: 1
  m_DynamicOccludee: 1
  m_StaticShadowCaster: 0
  m_MotionVectors: 1
  m_LightProbeUsage: 1
  m_ReflectionProbeUsage: 1
  m_RayTracingMode: 2
  m_RayTraceProcedural: 0
  m_RenderingLayerMask: 1
  m_RendererPriority: 0
  m_Materials:
  - {fileID: 2100000, guid: 7dd7e6bddd79a487697753bcbb0475cc, type: 2}
  m_StaticBatchInfo:
    firstSubMesh: 0
    subMeshCount: 0
  m_StaticBatchRoot: {fileID: 0}
  m_ProbeAnchor: {fileID: 0}
  m_LightProbeVolumeOverride: {fileID: 0}
  m_ScaleInLightmap: 1
  m_ReceiveGI: 1
  m_PreserveUVs: 0
  m_IgnoreNormalsForChartDetection: 0
  m_ImportantGI: 0
  m_StitchLightmapSeams: 1
  m_SelectedEditorRenderState: 3
  m_MinimumChartSize: 4
  m_AutoUVMaxDistance: 0.5
  m_AutoUVMaxAngle: 89
  m_LightmapParameters: {fileID: 0}
  m_SortingLayerID: 0
  m_SortingLayer: 0
  m_SortingOrder: 0
  m_AdditionalVertexStreams: {fileID: 0}
--- !u!65 &3473453408953326665
BoxCollider:
  m_ObjectHideFlags: 0
  m_CorrespondingSourceObject: {fileID: 0}
  m_PrefabInstance: {fileID: 0}
  m_PrefabAsset: {fileID: 0}
  m_GameObject: {fileID: 2486570768344004091}
  m_Material: {fileID: 0}
  m_IsTrigger: 0
  m_Enabled: 1
  serializedVersion: 2
  m_Size: {x: 1.1000001, y: 0.8975436, z: 1.1000012}
  m_Center: {x: 0.004077991, y: 0.44398016, z: 0.050075524}
--- !u!65 &1347744238502904541
BoxCollider:
  m_ObjectHideFlags: 0
  m_CorrespondingSourceObject: {fileID: 0}
  m_PrefabInstance: {fileID: 0}
  m_PrefabAsset: {fileID: 0}
  m_GameObject: {fileID: 2486570768344004091}
  m_Material: {fileID: 0}
  m_IsTrigger: 0
  m_Enabled: 1
  serializedVersion: 2
  m_Size: {x: 1.1000001, y: 1.1080972, z: 0.09300004}
  m_Center: {x: 0.004077991, y: 1.4411559, z: -0.45342526}
--- !u!1 &8254632335354056806
GameObject:
  m_ObjectHideFlags: 0
  m_CorrespondingSourceObject: {fileID: 0}
  m_PrefabInstance: {fileID: 0}
  m_PrefabAsset: {fileID: 0}
  serializedVersion: 6
  m_Component:
  - component: {fileID: 4959872244683481717}
  m_Layer: 0
  m_Name: WoodChair
  m_TagString: Untagged
  m_Icon: {fileID: 0}
  m_NavMeshLayer: 0
  m_StaticEditorFlags: 2147483647
  m_IsActive: 1
--- !u!4 &4959872244683481717
Transform:
  m_ObjectHideFlags: 0
  m_CorrespondingSourceObject: {fileID: 0}
  m_PrefabInstance: {fileID: 0}
  m_PrefabAsset: {fileID: 0}
  m_GameObject: {fileID: 8254632335354056806}
  m_LocalRotation: {x: -0, y: 0.61684614, z: -0, w: -0.78708375}
  m_LocalPosition: {x: -80.51076, y: 0.011703014, z: -17.657532}
  m_LocalScale: {x: 2.468386, y: 2.468386, z: 2.468386}
  m_ConstrainProportionsScale: 0
  m_Children:
  - {fileID: 3223414366534627661}
  m_Father: {fileID: 0}
  m_RootOrder: 0
  m_LocalEulerAnglesHint: {x: 0, y: 283.828, z: 0}
