%YAML 1.1
%TAG !u! tag:unity3d.com,2011:
--- !u!29 &1
OcclusionCullingSettings:
  m_ObjectHideFlags: 0
  serializedVersion: 2
  m_OcclusionBakeSettings:
    smallestOccluder: 5
    smallestHole: 0.25
    backfaceThreshold: 100
  m_SceneGUID: 00000000000000000000000000000000
  m_OcclusionCullingData: {fileID: 0}
--- !u!104 &2
RenderSettings:
  m_ObjectHideFlags: 0
  serializedVersion: 9
  m_Fog: 1
  m_FogColor: {r: 0.73467606, g: 0.6752403, b: 0.764151, a: 1}
  m_FogMode: 2
  m_FogDensity: 0.0005
  m_LinearFogStart: 0
  m_LinearFogEnd: 300
  m_AmbientSkyColor: {r: 0.17464745, g: 0.11443538, b: 0.37123778, a: 1}
  m_AmbientEquatorColor: {r: 0.32777813, g: 0.1441285, b: 0.32777813, a: 1}
  m_AmbientGroundColor: {r: 0.047, g: 0.043, b: 0.035, a: 1}
  m_AmbientIntensity: 0.8
  m_AmbientMode: 1
  m_SubtractiveShadowColor: {r: 0.42, g: 0.478, b: 0.627, a: 1}
  m_SkyboxMaterial: {fileID: 2100000, guid: 1cf6f4c6e6e0518419839d3f5448dd99, type: 2}
  m_HaloStrength: 0.5
  m_FlareStrength: 1
  m_FlareFadeSpeed: 3
  m_HaloTexture: {fileID: 0}
  m_SpotCookie: {fileID: 10001, guid: 0000000000000000e000000000000000, type: 0}
  m_DefaultReflectionMode: 0
  m_DefaultReflectionResolution: 64
  m_ReflectionBounces: 1
  m_ReflectionIntensity: 1
  m_CustomReflection: {fileID: 0}
  m_Sun: {fileID: 0}
  m_IndirectSpecularColor: {r: 0.0801758, g: 0.09954776, b: 0.30075923, a: 1}
  m_UseRadianceAmbientProbe: 0
--- !u!157 &3
LightmapSettings:
  m_ObjectHideFlags: 0
  serializedVersion: 12
  m_GIWorkflowMode: 1
  m_GISettings:
    serializedVersion: 2
    m_BounceScale: 1
    m_IndirectOutputScale: 1
    m_AlbedoBoost: 1
    m_EnvironmentLightingMode: 0
    m_EnableBakedLightmaps: 1
    m_EnableRealtimeLightmaps: 0
  m_LightmapEditorSettings:
    serializedVersion: 12
    m_Resolution: 2
    m_BakeResolution: 40
    m_AtlasSize: 1024
    m_AO: 0
    m_AOMaxDistance: 1
    m_CompAOExponent: 1
    m_CompAOExponentDirect: 0
    m_ExtractAmbientOcclusion: 0
    m_Padding: 2
    m_LightmapParameters: {fileID: 0}
    m_LightmapsBakeMode: 1
    m_TextureCompression: 1
    m_FinalGather: 0
    m_FinalGatherFiltering: 1
    m_FinalGatherRayCount: 256
    m_ReflectionCompression: 2
    m_MixedBakeMode: 2
    m_BakeBackend: 1
    m_PVRSampling: 1
    m_PVRDirectSampleCount: 32
    m_PVRSampleCount: 512
    m_PVRBounces: 2
    m_PVREnvironmentSampleCount: 256
    m_PVREnvironmentReferencePointCount: 2048
    m_PVRFilteringMode: 1
    m_PVRDenoiserTypeDirect: 1
    m_PVRDenoiserTypeIndirect: 1
    m_PVRDenoiserTypeAO: 1
    m_PVRFilterTypeDirect: 0
    m_PVRFilterTypeIndirect: 0
    m_PVRFilterTypeAO: 0
    m_PVREnvironmentMIS: 1
    m_PVRCulling: 1
    m_PVRFilteringGaussRadiusDirect: 1
    m_PVRFilteringGaussRadiusIndirect: 5
    m_PVRFilteringGaussRadiusAO: 2
    m_PVRFilteringAtrousPositionSigmaDirect: 0.5
    m_PVRFilteringAtrousPositionSigmaIndirect: 2
    m_PVRFilteringAtrousPositionSigmaAO: 1
    m_ExportTrainingData: 0
    m_TrainingDataDestination: TrainingData
    m_LightProbeSampleCountMultiplier: 4
  m_LightingDataAsset: {fileID: 112000000, guid: 0f89493ba83bb1444b4af4e45986d166, type: 2}
  m_LightingSettings: {fileID: 4890085278179872738, guid: dd13fe87323f0f742aa2cca40f94f65c, type: 2}
--- !u!196 &4
NavMeshSettings:
  serializedVersion: 2
  m_ObjectHideFlags: 0
  m_BuildSettings:
    serializedVersion: 2
    agentTypeID: 0
    agentRadius: 0.5
    agentHeight: 2
    agentSlope: 45
    agentClimb: 0.4
    ledgeDropHeight: 0
    maxJumpAcrossDistance: 0
    minRegionArea: 2
    manualCellSize: 0
    cellSize: 0.16666667
    manualTileSize: 0
    tileSize: 256
    accuratePlacement: 0
    maxJobWorkers: 0
    preserveTilesOutsideBounds: 0
    debug:
      m_Flags: 0
  m_NavMeshData: {fileID: 0}
--- !u!1001 &284546439
PrefabInstance:
  m_ObjectHideFlags: 0
  serializedVersion: 2
  m_Modification:
    m_TransformParent: {fileID: 0}
    m_Modifications:
    - target: {fileID: 3115441681145939813, guid: 1e7c9c0eafd809546aab730a29473860, type: 3}
      propertyPath: m_Name
      value: CombatRoom
      objectReference: {fileID: 0}
    - target: {fileID: 3115441681145939814, guid: 1e7c9c0eafd809546aab730a29473860, type: 3}
      propertyPath: m_RootOrder
      value: 4
      objectReference: {fileID: 0}
    - target: {fileID: 3115441681145939814, guid: 1e7c9c0eafd809546aab730a29473860, type: 3}
      propertyPath: m_LocalPosition.x
      value: 0.31002235
      objectReference: {fileID: 0}
    - target: {fileID: 3115441681145939814, guid: 1e7c9c0eafd809546aab730a29473860, type: 3}
      propertyPath: m_LocalPosition.y
      value: -10.238338
      objectReference: {fileID: 0}
    - target: {fileID: 3115441681145939814, guid: 1e7c9c0eafd809546aab730a29473860, type: 3}
      propertyPath: m_LocalPosition.z
      value: 196.87506
      objectReference: {fileID: 0}
    - target: {fileID: 3115441681145939814, guid: 1e7c9c0eafd809546aab730a29473860, type: 3}
      propertyPath: m_LocalRotation.w
      value: 1
      objectReference: {fileID: 0}
    - target: {fileID: 3115441681145939814, guid: 1e7c9c0eafd809546aab730a29473860, type: 3}
      propertyPath: m_LocalRotation.x
      value: 0
      objectReference: {fileID: 0}
    - target: {fileID: 3115441681145939814, guid: 1e7c9c0eafd809546aab730a29473860, type: 3}
      propertyPath: m_LocalRotation.y
      value: 0
      objectReference: {fileID: 0}
    - target: {fileID: 3115441681145939814, guid: 1e7c9c0eafd809546aab730a29473860, type: 3}
      propertyPath: m_LocalRotation.z
      value: 0
      objectReference: {fileID: 0}
    - target: {fileID: 3115441681145939814, guid: 1e7c9c0eafd809546aab730a29473860, type: 3}
      propertyPath: m_LocalEulerAnglesHint.x
      value: 0
      objectReference: {fileID: 0}
    - target: {fileID: 3115441681145939814, guid: 1e7c9c0eafd809546aab730a29473860, type: 3}
      propertyPath: m_LocalEulerAnglesHint.y
      value: 0
      objectReference: {fileID: 0}
    - target: {fileID: 3115441681145939814, guid: 1e7c9c0eafd809546aab730a29473860, type: 3}
      propertyPath: m_LocalEulerAnglesHint.z
      value: 0
      objectReference: {fileID: 0}
    m_RemovedComponents: []
  m_SourcePrefab: {fileID: 100100000, guid: 1e7c9c0eafd809546aab730a29473860, type: 3}
--- !u!1 &404419781
GameObject:
  m_ObjectHideFlags: 0
  m_CorrespondingSourceObject: {fileID: 0}
  m_PrefabInstance: {fileID: 0}
  m_PrefabAsset: {fileID: 0}
  serializedVersion: 6
  m_Component:
  - component: {fileID: 404419783}
  - component: {fileID: 404419782}
  - component: {fileID: 404419784}
  m_Layer: 0
  m_Name: Directional Light
  m_TagString: Untagged
  m_Icon: {fileID: 0}
  m_NavMeshLayer: 0
  m_StaticEditorFlags: 0
  m_IsActive: 1
--- !u!108 &404419782
Light:
  m_ObjectHideFlags: 0
  m_CorrespondingSourceObject: {fileID: 0}
  m_PrefabInstance: {fileID: 0}
  m_PrefabAsset: {fileID: 0}
  m_GameObject: {fileID: 404419781}
  m_Enabled: 1
  serializedVersion: 10
  m_Type: 1
  m_Shape: 0
  m_Color: {r: 0.7176471, g: 0.827451, b: 0.8784314, a: 1}
  m_Intensity: 0.4
  m_Range: 10
  m_SpotAngle: 30
  m_InnerSpotAngle: 21.80208
  m_CookieSize: 10
  m_Shadows:
    m_Type: 0
    m_Resolution: -1
    m_CustomResolution: -1
    m_Strength: 0.571
    m_Bias: 0.05
    m_NormalBias: 0.4
    m_NearPlane: 0.52
    m_CullingMatrixOverride:
      e00: 1
      e01: 0
      e02: 0
      e03: 0
      e10: 0
      e11: 1
      e12: 0
      e13: 0
      e20: 0
      e21: 0
      e22: 1
      e23: 0
      e30: 0
      e31: 0
      e32: 0
      e33: 1
    m_UseCullingMatrixOverride: 0
  m_Cookie: {fileID: 0}
  m_DrawHalo: 0
  m_Flare: {fileID: 0}
  m_RenderMode: 0
  m_CullingMask:
    serializedVersion: 2
    m_Bits: 4294967295
  m_RenderingLayerMask: 1
  m_Lightmapping: 1
  m_LightShadowCasterMode: 0
  m_AreaSize: {x: 1, y: 1}
  m_BounceIntensity: 1
  m_ColorTemperature: 7568
  m_UseColorTemperature: 0
  m_BoundingSphereOverride: {x: 0, y: 3e-45, z: 1.697e-42, w: 6e-44}
  m_UseBoundingSphereOverride: 0
  m_UseViewFrustumForShadowCasterCull: 1
  m_ShadowRadius: 0
  m_ShadowAngle: 0
--- !u!4 &404419783
Transform:
  m_ObjectHideFlags: 0
  m_CorrespondingSourceObject: {fileID: 0}
  m_PrefabInstance: {fileID: 0}
  m_PrefabAsset: {fileID: 0}
  m_GameObject: {fileID: 404419781}
  m_LocalRotation: {x: 0.40821788, y: -0.23456968, z: 0.10938163, w: 0.8754261}
  m_LocalPosition: {x: 0.000030517578, y: 15.36, z: -42.239998}
  m_LocalScale: {x: 1, y: 1, z: 1}
  m_ConstrainProportionsScale: 0
  m_Children: []
  m_Father: {fileID: 0}
  m_RootOrder: 6
  m_LocalEulerAnglesHint: {x: 50, y: -30, z: 0}
--- !u!114 &404419784
MonoBehaviour:
  m_ObjectHideFlags: 0
  m_CorrespondingSourceObject: {fileID: 0}
  m_PrefabInstance: {fileID: 0}
  m_PrefabAsset: {fileID: 0}
  m_GameObject: {fileID: 404419781}
  m_Enabled: 1
  m_EditorHideFlags: 0
  m_Script: {fileID: 11500000, guid: 474bcb49853aa07438625e644c072ee6, type: 3}
  m_Name: 
  m_EditorClassIdentifier: 
  m_Version: 1
  m_UsePipelineSettings: 1
  m_AdditionalLightsShadowResolutionTier: 2
  m_LightLayerMask: 1
  m_CustomShadowLayers: 0
  m_ShadowLayerMask: 1
  m_LightCookieSize: {x: 1, y: 1}
  m_LightCookieOffset: {x: 0, y: 0}
--- !u!1 &738449072
GameObject:
  m_ObjectHideFlags: 0
  m_CorrespondingSourceObject: {fileID: 0}
  m_PrefabInstance: {fileID: 0}
  m_PrefabAsset: {fileID: 0}
  serializedVersion: 6
  m_Component:
  - component: {fileID: 738449074}
  - component: {fileID: 738449073}
  m_Layer: 0
  m_Name: WwiseGlobal
  m_TagString: Untagged
  m_Icon: {fileID: 0}
  m_NavMeshLayer: 0
  m_StaticEditorFlags: 0
  m_IsActive: 1
--- !u!114 &738449073
MonoBehaviour:
  m_ObjectHideFlags: 0
  m_CorrespondingSourceObject: {fileID: 0}
  m_PrefabInstance: {fileID: 0}
  m_PrefabAsset: {fileID: 0}
  m_GameObject: {fileID: 738449072}
  m_Enabled: 1
  m_EditorHideFlags: 0
  m_Script: {fileID: 11500000, guid: e7d9b6ae96af3464399923ae6cf556a8, type: 3}
  m_Name: 
  m_EditorClassIdentifier: 
  InitializationSettings: {fileID: 11400000, guid: 989b7818ed9b3d042842300ec923ecd1, type: 2}
  basePath: 
  language: 
  defaultPoolSize: 0
  lowerPoolSize: 0
  streamingPoolSize: 0
  memoryCutoffThreshold: 0
  monitorPoolSize: 0
  monitorQueuePoolSize: 0
  callbackManagerBufferSize: 0
  spatialAudioPoolSize: 0
  maxSoundPropagationDepth: 0
  engineLogging: 0
--- !u!4 &738449074
Transform:
  m_ObjectHideFlags: 0
  m_CorrespondingSourceObject: {fileID: 0}
  m_PrefabInstance: {fileID: 0}
  m_PrefabAsset: {fileID: 0}
  m_GameObject: {fileID: 738449072}
  m_LocalRotation: {x: 0, y: 0, z: 0, w: 1}
  m_LocalPosition: {x: 0, y: 0, z: 0}
  m_LocalScale: {x: 1, y: 1, z: 1}
  m_ConstrainProportionsScale: 0
  m_Children: []
  m_Father: {fileID: 0}
  m_RootOrder: 9
  m_LocalEulerAnglesHint: {x: 0, y: 0, z: 0}
--- !u!1001 &808687134
PrefabInstance:
  m_ObjectHideFlags: 0
  serializedVersion: 2
  m_Modification:
    m_TransformParent: {fileID: 0}
    m_Modifications:
    - target: {fileID: 590702322019671857, guid: 90624483013def740b0ba51f4803cefd, type: 3}
      propertyPath: m_Name
      value: Trap_Room
      objectReference: {fileID: 0}
    - target: {fileID: 590702322019671870, guid: 90624483013def740b0ba51f4803cefd, type: 3}
      propertyPath: m_RootOrder
      value: 3
      objectReference: {fileID: 0}
    - target: {fileID: 590702322019671870, guid: 90624483013def740b0ba51f4803cefd, type: 3}
      propertyPath: m_LocalPosition.x
      value: 13.2386055
      objectReference: {fileID: 0}
    - target: {fileID: 590702322019671870, guid: 90624483013def740b0ba51f4803cefd, type: 3}
      propertyPath: m_LocalPosition.y
      value: -10.329208
      objectReference: {fileID: 0}
    - target: {fileID: 590702322019671870, guid: 90624483013def740b0ba51f4803cefd, type: 3}
      propertyPath: m_LocalPosition.z
      value: 349.48987
      objectReference: {fileID: 0}
    - target: {fileID: 590702322019671870, guid: 90624483013def740b0ba51f4803cefd, type: 3}
      propertyPath: m_LocalRotation.w
      value: 1
      objectReference: {fileID: 0}
    - target: {fileID: 590702322019671870, guid: 90624483013def740b0ba51f4803cefd, type: 3}
      propertyPath: m_LocalRotation.x
      value: -0
      objectReference: {fileID: 0}
    - target: {fileID: 590702322019671870, guid: 90624483013def740b0ba51f4803cefd, type: 3}
      propertyPath: m_LocalRotation.y
      value: -0
      objectReference: {fileID: 0}
    - target: {fileID: 590702322019671870, guid: 90624483013def740b0ba51f4803cefd, type: 3}
      propertyPath: m_LocalRotation.z
      value: -0
      objectReference: {fileID: 0}
    - target: {fileID: 590702322019671870, guid: 90624483013def740b0ba51f4803cefd, type: 3}
      propertyPath: m_LocalEulerAnglesHint.x
      value: 0
      objectReference: {fileID: 0}
    - target: {fileID: 590702322019671870, guid: 90624483013def740b0ba51f4803cefd, type: 3}
      propertyPath: m_LocalEulerAnglesHint.y
      value: 0
      objectReference: {fileID: 0}
    - target: {fileID: 590702322019671870, guid: 90624483013def740b0ba51f4803cefd, type: 3}
      propertyPath: m_LocalEulerAnglesHint.z
      value: 0
      objectReference: {fileID: 0}
    - target: {fileID: 1349791092811604709, guid: 90624483013def740b0ba51f4803cefd, type: 3}
      propertyPath: m_LocalPosition.y
      value: 0.89999485
      objectReference: {fileID: 0}
    - target: {fileID: 1930742323998204179, guid: 90624483013def740b0ba51f4803cefd, type: 3}
      propertyPath: m_LocalPosition.x
      value: 0
      objectReference: {fileID: 0}
    - target: {fileID: 1930742323998204179, guid: 90624483013def740b0ba51f4803cefd, type: 3}
      propertyPath: m_LocalPosition.y
      value: -0.22500038
      objectReference: {fileID: 0}
    - target: {fileID: 1930742325068731325, guid: 90624483013def740b0ba51f4803cefd, type: 3}
      propertyPath: m_LocalPosition.x
      value: 0
      objectReference: {fileID: 0}
    - target: {fileID: 1930742325068731325, guid: 90624483013def740b0ba51f4803cefd, type: 3}
      propertyPath: m_LocalPosition.y
      value: -0.14421463
      objectReference: {fileID: 0}
    m_RemovedComponents: []
  m_SourcePrefab: {fileID: 100100000, guid: 90624483013def740b0ba51f4803cefd, type: 3}
--- !u!1 &979441974
GameObject:
  m_ObjectHideFlags: 0
  m_CorrespondingSourceObject: {fileID: 0}
  m_PrefabInstance: {fileID: 0}
  m_PrefabAsset: {fileID: 0}
  serializedVersion: 6
  m_Component:
  - component: {fileID: 979441977}
  - component: {fileID: 979441976}
  - component: {fileID: 979441975}
  m_Layer: 0
  m_Name: EventSystem
  m_TagString: Untagged
  m_Icon: {fileID: 0}
  m_NavMeshLayer: 0
  m_StaticEditorFlags: 0
  m_IsActive: 1
--- !u!114 &979441975
MonoBehaviour:
  m_ObjectHideFlags: 0
  m_CorrespondingSourceObject: {fileID: 0}
  m_PrefabInstance: {fileID: 0}
  m_PrefabAsset: {fileID: 0}
  m_GameObject: {fileID: 979441974}
  m_Enabled: 1
  m_EditorHideFlags: 0
  m_Script: {fileID: 11500000, guid: 4f231c4fb786f3946a6b90b886c48677, type: 3}
  m_Name: 
  m_EditorClassIdentifier: 
  m_HorizontalAxis: Horizontal
  m_VerticalAxis: Vertical
  m_SubmitButton: Submit
  m_CancelButton: Cancel
  m_InputActionsPerSecond: 10
  m_RepeatDelay: 0.5
  m_ForceModuleActive: 0
--- !u!114 &979441976
MonoBehaviour:
  m_ObjectHideFlags: 0
  m_CorrespondingSourceObject: {fileID: 0}
  m_PrefabInstance: {fileID: 0}
  m_PrefabAsset: {fileID: 0}
  m_GameObject: {fileID: 979441974}
  m_Enabled: 1
  m_EditorHideFlags: 0
  m_Script: {fileID: 11500000, guid: 76c392e42b5098c458856cdf6ecaaaa1, type: 3}
  m_Name: 
  m_EditorClassIdentifier: 
  m_FirstSelected: {fileID: 0}
  m_sendNavigationEvents: 1
  m_DragThreshold: 10
--- !u!4 &979441977
Transform:
  m_ObjectHideFlags: 0
  m_CorrespondingSourceObject: {fileID: 0}
  m_PrefabInstance: {fileID: 0}
  m_PrefabAsset: {fileID: 0}
  m_GameObject: {fileID: 979441974}
  m_LocalRotation: {x: 0, y: 0, z: 0, w: 1}
  m_LocalPosition: {x: 0, y: 0, z: 0}
  m_LocalScale: {x: 1, y: 1, z: 1}
  m_ConstrainProportionsScale: 0
  m_Children: []
  m_Father: {fileID: 0}
  m_RootOrder: 11
  m_LocalEulerAnglesHint: {x: 0, y: 0, z: 0}
--- !u!1001 &1045005883
PrefabInstance:
  m_ObjectHideFlags: 0
  serializedVersion: 2
  m_Modification:
    m_TransformParent: {fileID: 0}
    m_Modifications:
    - target: {fileID: 4270916924090086632, guid: cec002714c844e2478623659ef08c16f, type: 3}
      propertyPath: m_Name
      value: Puzzle_Room
      objectReference: {fileID: 0}
    - target: {fileID: 4270916924090086635, guid: cec002714c844e2478623659ef08c16f, type: 3}
      propertyPath: m_RootOrder
      value: 5
      objectReference: {fileID: 0}
    - target: {fileID: 4270916924090086635, guid: cec002714c844e2478623659ef08c16f, type: 3}
      propertyPath: m_LocalPosition.x
      value: 12.346214
      objectReference: {fileID: 0}
    - target: {fileID: 4270916924090086635, guid: cec002714c844e2478623659ef08c16f, type: 3}
      propertyPath: m_LocalPosition.y
      value: -10.238018
      objectReference: {fileID: 0}
    - target: {fileID: 4270916924090086635, guid: cec002714c844e2478623659ef08c16f, type: 3}
      propertyPath: m_LocalPosition.z
      value: 31.401966
      objectReference: {fileID: 0}
    - target: {fileID: 4270916924090086635, guid: cec002714c844e2478623659ef08c16f, type: 3}
      propertyPath: m_LocalRotation.w
      value: 1
      objectReference: {fileID: 0}
    - target: {fileID: 4270916924090086635, guid: cec002714c844e2478623659ef08c16f, type: 3}
      propertyPath: m_LocalRotation.x
      value: -0
      objectReference: {fileID: 0}
    - target: {fileID: 4270916924090086635, guid: cec002714c844e2478623659ef08c16f, type: 3}
      propertyPath: m_LocalRotation.y
      value: -0
      objectReference: {fileID: 0}
    - target: {fileID: 4270916924090086635, guid: cec002714c844e2478623659ef08c16f, type: 3}
      propertyPath: m_LocalRotation.z
      value: -0
      objectReference: {fileID: 0}
    - target: {fileID: 4270916924090086635, guid: cec002714c844e2478623659ef08c16f, type: 3}
      propertyPath: m_LocalEulerAnglesHint.x
      value: 0
      objectReference: {fileID: 0}
    - target: {fileID: 4270916924090086635, guid: cec002714c844e2478623659ef08c16f, type: 3}
      propertyPath: m_LocalEulerAnglesHint.y
      value: 0
      objectReference: {fileID: 0}
    - target: {fileID: 4270916924090086635, guid: cec002714c844e2478623659ef08c16f, type: 3}
      propertyPath: m_LocalEulerAnglesHint.z
      value: 0
      objectReference: {fileID: 0}
    m_RemovedComponents: []
  m_SourcePrefab: {fileID: 100100000, guid: cec002714c844e2478623659ef08c16f, type: 3}
--- !u!1 &1048026311
GameObject:
  m_ObjectHideFlags: 0
  m_CorrespondingSourceObject: {fileID: 0}
  m_PrefabInstance: {fileID: 0}
  m_PrefabAsset: {fileID: 0}
  serializedVersion: 6
  m_Component:
  - component: {fileID: 1048026313}
  - component: {fileID: 1048026312}
  m_Layer: 0
  m_Name: GlobalPostProcessing
  m_TagString: Untagged
  m_Icon: {fileID: 0}
  m_NavMeshLayer: 0
  m_StaticEditorFlags: 0
  m_IsActive: 1
--- !u!114 &1048026312
MonoBehaviour:
  m_ObjectHideFlags: 0
  m_CorrespondingSourceObject: {fileID: 0}
  m_PrefabInstance: {fileID: 0}
  m_PrefabAsset: {fileID: 0}
  m_GameObject: {fileID: 1048026311}
  m_Enabled: 1
  m_EditorHideFlags: 0
  m_Script: {fileID: 11500000, guid: 172515602e62fb746b5d573b38a5fe58, type: 3}
  m_Name: 
  m_EditorClassIdentifier: 
  m_IsGlobal: 1
  priority: 0
  blendDistance: 0
  weight: 1
  sharedProfile: {fileID: 11400000, guid: 99e6c8de75c664449b1fd4ed8163ff76, type: 2}
--- !u!4 &1048026313
Transform:
  m_ObjectHideFlags: 0
  m_CorrespondingSourceObject: {fileID: 0}
  m_PrefabInstance: {fileID: 0}
  m_PrefabAsset: {fileID: 0}
  m_GameObject: {fileID: 1048026311}
  m_LocalRotation: {x: 0, y: 0, z: 0, w: 1}
  m_LocalPosition: {x: 2.4831524, y: 6.8179054, z: 68.518295}
  m_LocalScale: {x: 1, y: 1, z: 1}
  m_ConstrainProportionsScale: 0
  m_Children: []
  m_Father: {fileID: 0}
  m_RootOrder: 7
  m_LocalEulerAnglesHint: {x: 0, y: 0, z: 0}
--- !u!1001 &1422741619
PrefabInstance:
  m_ObjectHideFlags: 0
  serializedVersion: 2
  m_Modification:
    m_TransformParent: {fileID: 0}
    m_Modifications:
    - target: {fileID: 1297511527769246314, guid: a1760fda2fafaf045bc5fea7618fd853, type: 3}
      propertyPath: m_Name
      value: Library_Room
      objectReference: {fileID: 0}
    - target: {fileID: 1297511527769246315, guid: a1760fda2fafaf045bc5fea7618fd853, type: 3}
      propertyPath: m_RootOrder
      value: 1
      objectReference: {fileID: 0}
    - target: {fileID: 1297511527769246315, guid: a1760fda2fafaf045bc5fea7618fd853, type: 3}
      propertyPath: m_LocalPosition.x
      value: 25.622044
      objectReference: {fileID: 0}
    - target: {fileID: 1297511527769246315, guid: a1760fda2fafaf045bc5fea7618fd853, type: 3}
      propertyPath: m_LocalPosition.y
      value: 2.45726
      objectReference: {fileID: 0}
    - target: {fileID: 1297511527769246315, guid: a1760fda2fafaf045bc5fea7618fd853, type: 3}
      propertyPath: m_LocalPosition.z
      value: 541.0486
      objectReference: {fileID: 0}
    - target: {fileID: 1297511527769246315, guid: a1760fda2fafaf045bc5fea7618fd853, type: 3}
      propertyPath: m_LocalRotation.w
      value: 1
      objectReference: {fileID: 0}
    - target: {fileID: 1297511527769246315, guid: a1760fda2fafaf045bc5fea7618fd853, type: 3}
      propertyPath: m_LocalRotation.x
      value: 0
      objectReference: {fileID: 0}
    - target: {fileID: 1297511527769246315, guid: a1760fda2fafaf045bc5fea7618fd853, type: 3}
      propertyPath: m_LocalRotation.y
      value: 0
      objectReference: {fileID: 0}
    - target: {fileID: 1297511527769246315, guid: a1760fda2fafaf045bc5fea7618fd853, type: 3}
      propertyPath: m_LocalRotation.z
      value: 0
      objectReference: {fileID: 0}
    - target: {fileID: 1297511527769246315, guid: a1760fda2fafaf045bc5fea7618fd853, type: 3}
      propertyPath: m_LocalEulerAnglesHint.x
      value: 0
      objectReference: {fileID: 0}
    - target: {fileID: 1297511527769246315, guid: a1760fda2fafaf045bc5fea7618fd853, type: 3}
      propertyPath: m_LocalEulerAnglesHint.y
      value: 0
      objectReference: {fileID: 0}
    - target: {fileID: 1297511527769246315, guid: a1760fda2fafaf045bc5fea7618fd853, type: 3}
      propertyPath: m_LocalEulerAnglesHint.z
      value: 0
      objectReference: {fileID: 0}
    m_RemovedComponents: []
  m_SourcePrefab: {fileID: 100100000, guid: a1760fda2fafaf045bc5fea7618fd853, type: 3}
--- !u!1001 &1894181902
PrefabInstance:
  m_ObjectHideFlags: 0
  serializedVersion: 2
  m_Modification:
    m_TransformParent: {fileID: 0}
    m_Modifications:
    - target: {fileID: 59947265045343408, guid: dcd9515a6fdac70429584e3f4baf3c94, type: 3}
      propertyPath: m_LocalPosition.x
      value: 0
      objectReference: {fileID: 0}
    - target: {fileID: 59947265045343408, guid: dcd9515a6fdac70429584e3f4baf3c94, type: 3}
      propertyPath: m_LocalPosition.z
      value: -0.049987793
      objectReference: {fileID: 0}
    - target: {fileID: 1093940366738466064, guid: dcd9515a6fdac70429584e3f4baf3c94, type: 3}
      propertyPath: m_Name
      value: Goal_Room
      objectReference: {fileID: 0}
    - target: {fileID: 1093940366738466067, guid: dcd9515a6fdac70429584e3f4baf3c94, type: 3}
      propertyPath: m_RootOrder
      value: 1
      objectReference: {fileID: 0}
    - target: {fileID: 1093940366738466067, guid: dcd9515a6fdac70429584e3f4baf3c94, type: 3}
      propertyPath: m_LocalPosition.x
      value: 26.11979
      objectReference: {fileID: 0}
    - target: {fileID: 1093940366738466067, guid: dcd9515a6fdac70429584e3f4baf3c94, type: 3}
      propertyPath: m_LocalPosition.y
      value: 2.394222
      objectReference: {fileID: 0}
    - target: {fileID: 1093940366738466067, guid: dcd9515a6fdac70429584e3f4baf3c94, type: 3}
      propertyPath: m_LocalPosition.z
      value: 733.44116
      objectReference: {fileID: 0}
    - target: {fileID: 1093940366738466067, guid: dcd9515a6fdac70429584e3f4baf3c94, type: 3}
      propertyPath: m_LocalRotation.w
      value: 1
      objectReference: {fileID: 0}
    - target: {fileID: 1093940366738466067, guid: dcd9515a6fdac70429584e3f4baf3c94, type: 3}
      propertyPath: m_LocalRotation.x
      value: -0
      objectReference: {fileID: 0}
    - target: {fileID: 1093940366738466067, guid: dcd9515a6fdac70429584e3f4baf3c94, type: 3}
      propertyPath: m_LocalRotation.y
      value: -0
      objectReference: {fileID: 0}
    - target: {fileID: 1093940366738466067, guid: dcd9515a6fdac70429584e3f4baf3c94, type: 3}
      propertyPath: m_LocalRotation.z
      value: -0
      objectReference: {fileID: 0}
    - target: {fileID: 1093940366738466067, guid: dcd9515a6fdac70429584e3f4baf3c94, type: 3}
      propertyPath: m_LocalEulerAnglesHint.x
      value: 0
      objectReference: {fileID: 0}
    - target: {fileID: 1093940366738466067, guid: dcd9515a6fdac70429584e3f4baf3c94, type: 3}
      propertyPath: m_LocalEulerAnglesHint.y
      value: 0
      objectReference: {fileID: 0}
    - target: {fileID: 1093940366738466067, guid: dcd9515a6fdac70429584e3f4baf3c94, type: 3}
      propertyPath: m_LocalEulerAnglesHint.z
      value: 0
      objectReference: {fileID: 0}
    m_RemovedComponents: []
  m_SourcePrefab: {fileID: 100100000, guid: dcd9515a6fdac70429584e3f4baf3c94, type: 3}
--- !u!1001 &2412724661245667753
PrefabInstance:
  m_ObjectHideFlags: 0
  serializedVersion: 2
  m_Modification:
    m_TransformParent: {fileID: 0}
    m_Modifications:
    - target: {fileID: 2412724660015917537, guid: 48c7644b90e56e94eb1352cc75295042, type: 3}
      propertyPath: m_Pivot.x
      value: 0
      objectReference: {fileID: 0}
    - target: {fileID: 2412724660015917537, guid: 48c7644b90e56e94eb1352cc75295042, type: 3}
      propertyPath: m_Pivot.y
      value: 0
      objectReference: {fileID: 0}
    - target: {fileID: 2412724660015917537, guid: 48c7644b90e56e94eb1352cc75295042, type: 3}
      propertyPath: m_RootOrder
      value: 0
      objectReference: {fileID: 0}
    - target: {fileID: 2412724660015917537, guid: 48c7644b90e56e94eb1352cc75295042, type: 3}
      propertyPath: m_AnchorMax.x
      value: 0
      objectReference: {fileID: 0}
    - target: {fileID: 2412724660015917537, guid: 48c7644b90e56e94eb1352cc75295042, type: 3}
      propertyPath: m_AnchorMax.y
      value: 0
      objectReference: {fileID: 0}
    - target: {fileID: 2412724660015917537, guid: 48c7644b90e56e94eb1352cc75295042, type: 3}
      propertyPath: m_AnchorMin.x
      value: 0
      objectReference: {fileID: 0}
    - target: {fileID: 2412724660015917537, guid: 48c7644b90e56e94eb1352cc75295042, type: 3}
      propertyPath: m_AnchorMin.y
      value: 0
      objectReference: {fileID: 0}
    - target: {fileID: 2412724660015917537, guid: 48c7644b90e56e94eb1352cc75295042, type: 3}
      propertyPath: m_SizeDelta.x
      value: 0
      objectReference: {fileID: 0}
    - target: {fileID: 2412724660015917537, guid: 48c7644b90e56e94eb1352cc75295042, type: 3}
      propertyPath: m_SizeDelta.y
      value: 0
      objectReference: {fileID: 0}
    - target: {fileID: 2412724660015917537, guid: 48c7644b90e56e94eb1352cc75295042, type: 3}
      propertyPath: m_LocalPosition.x
      value: 0
      objectReference: {fileID: 0}
    - target: {fileID: 2412724660015917537, guid: 48c7644b90e56e94eb1352cc75295042, type: 3}
      propertyPath: m_LocalPosition.y
      value: 0
      objectReference: {fileID: 0}
    - target: {fileID: 2412724660015917537, guid: 48c7644b90e56e94eb1352cc75295042, type: 3}
      propertyPath: m_LocalPosition.z
      value: 0
      objectReference: {fileID: 0}
    - target: {fileID: 2412724660015917537, guid: 48c7644b90e56e94eb1352cc75295042, type: 3}
      propertyPath: m_LocalRotation.w
      value: 1
      objectReference: {fileID: 0}
    - target: {fileID: 2412724660015917537, guid: 48c7644b90e56e94eb1352cc75295042, type: 3}
      propertyPath: m_LocalRotation.x
      value: 0
      objectReference: {fileID: 0}
    - target: {fileID: 2412724660015917537, guid: 48c7644b90e56e94eb1352cc75295042, type: 3}
      propertyPath: m_LocalRotation.y
      value: 0
      objectReference: {fileID: 0}
    - target: {fileID: 2412724660015917537, guid: 48c7644b90e56e94eb1352cc75295042, type: 3}
      propertyPath: m_LocalRotation.z
      value: 0
      objectReference: {fileID: 0}
    - target: {fileID: 2412724660015917537, guid: 48c7644b90e56e94eb1352cc75295042, type: 3}
      propertyPath: m_AnchoredPosition.x
      value: 0
      objectReference: {fileID: 0}
    - target: {fileID: 2412724660015917537, guid: 48c7644b90e56e94eb1352cc75295042, type: 3}
      propertyPath: m_AnchoredPosition.y
      value: 0
      objectReference: {fileID: 0}
    - target: {fileID: 2412724660015917537, guid: 48c7644b90e56e94eb1352cc75295042, type: 3}
      propertyPath: m_LocalEulerAnglesHint.x
      value: 0
      objectReference: {fileID: 0}
    - target: {fileID: 2412724660015917537, guid: 48c7644b90e56e94eb1352cc75295042, type: 3}
      propertyPath: m_LocalEulerAnglesHint.y
      value: 0
      objectReference: {fileID: 0}
    - target: {fileID: 2412724660015917537, guid: 48c7644b90e56e94eb1352cc75295042, type: 3}
      propertyPath: m_LocalEulerAnglesHint.z
      value: 0
      objectReference: {fileID: 0}
    - target: {fileID: 2412724660015917549, guid: 48c7644b90e56e94eb1352cc75295042, type: 3}
      propertyPath: m_Name
      value: InteractCanvas
      objectReference: {fileID: 0}
    m_RemovedComponents: []
  m_SourcePrefab: {fileID: 100100000, guid: 48c7644b90e56e94eb1352cc75295042, type: 3}
--- !u!1001 &8196225543668493160
PrefabInstance:
  m_ObjectHideFlags: 0
  serializedVersion: 2
  m_Modification:
    m_TransformParent: {fileID: 0}
    m_Modifications:
    - target: {fileID: 8196225542108447373, guid: 72fc806d28c1db54fb93fa0be054b625, type: 3}
      propertyPath: m_AnchoredPosition.y
      value: -20.371866
      objectReference: {fileID: 0}
    - target: {fileID: 8196225542108447374, guid: 72fc806d28c1db54fb93fa0be054b625, type: 3}
      propertyPath: m_text
      value: "Solange ich die goldene T\xFCr nicht aufbekomme, stecke ich hier fest
        ...\r\nIch habe in einem Raum in der N\xE4he einen Schl\xFCssel in einer
        Vitrine gesehen. Wom\xF6glich passt er zum Schloss, aber um die Vitrine zu
        \xF6ffnen, brauche ich einen Zahlencode.\n\nIch habe in der N\xE4he eine
        Art Rune gefunden. Obwohl sie offenbar aus einer anderen Kultur zu stammen
        scheint, sieht sie irgendwie seltsam vertraut aus. Fast wie die Buchstaben
        im Alphabet meiner Sprache ... Ob sich daraus der Zahlencode ableiten l\xE4sst?\n\t\t\r\n---------------------\n\nIch
        habe noch zwei weitere Runen gefunden, das muss es sein! Jetzt brauche ich
        nur noch die richtige Reihenfolge. Vielleicht sollte ich es einfach im Uhrzeigersinn
        der R\xE4ume, in denen ich die jeweiligen Runen gefunden habe, versuchen?\n\n---------------------\n\nVerdammt,
        ich kann sie h\xF6ren! Sie kommen immer n\xE4her, ich muss mich irgendwo
        verstecken. Keine Ahnung, was sie mit mir machen, wenn sie mich finden.\r"
      objectReference: {fileID: 0}
    - target: {fileID: 8196225542740357223, guid: 72fc806d28c1db54fb93fa0be054b625, type: 3}
      propertyPath: m_Name
      value: InspectionUI
      objectReference: {fileID: 0}
    - target: {fileID: 8196225542740357240, guid: 72fc806d28c1db54fb93fa0be054b625, type: 3}
      propertyPath: m_RootOrder
      value: 10
      objectReference: {fileID: 0}
    - target: {fileID: 8196225542740357240, guid: 72fc806d28c1db54fb93fa0be054b625, type: 3}
      propertyPath: m_LocalPosition.x
      value: -203.51999
      objectReference: {fileID: 0}
    - target: {fileID: 8196225542740357240, guid: 72fc806d28c1db54fb93fa0be054b625, type: 3}
      propertyPath: m_LocalPosition.y
      value: -3.8399997
      objectReference: {fileID: 0}
    - target: {fileID: 8196225542740357240, guid: 72fc806d28c1db54fb93fa0be054b625, type: 3}
      propertyPath: m_LocalPosition.z
      value: 58.559998
      objectReference: {fileID: 0}
    - target: {fileID: 8196225542740357240, guid: 72fc806d28c1db54fb93fa0be054b625, type: 3}
      propertyPath: m_LocalRotation.w
      value: 1
      objectReference: {fileID: 0}
    - target: {fileID: 8196225542740357240, guid: 72fc806d28c1db54fb93fa0be054b625, type: 3}
      propertyPath: m_LocalRotation.x
      value: 0
      objectReference: {fileID: 0}
    - target: {fileID: 8196225542740357240, guid: 72fc806d28c1db54fb93fa0be054b625, type: 3}
      propertyPath: m_LocalRotation.y
      value: 0
      objectReference: {fileID: 0}
    - target: {fileID: 8196225542740357240, guid: 72fc806d28c1db54fb93fa0be054b625, type: 3}
      propertyPath: m_LocalRotation.z
      value: 0
      objectReference: {fileID: 0}
    - target: {fileID: 8196225542740357240, guid: 72fc806d28c1db54fb93fa0be054b625, type: 3}
      propertyPath: m_LocalEulerAnglesHint.x
      value: 0
      objectReference: {fileID: 0}
    - target: {fileID: 8196225542740357240, guid: 72fc806d28c1db54fb93fa0be054b625, type: 3}
      propertyPath: m_LocalEulerAnglesHint.y
      value: 0
      objectReference: {fileID: 0}
    - target: {fileID: 8196225542740357240, guid: 72fc806d28c1db54fb93fa0be054b625, type: 3}
      propertyPath: m_LocalEulerAnglesHint.z
      value: 0
      objectReference: {fileID: 0}
    - target: {fileID: 8196225543372784171, guid: 72fc806d28c1db54fb93fa0be054b625, type: 3}
      propertyPath: m_AnchorMax.x
      value: 0
      objectReference: {fileID: 0}
    - target: {fileID: 8196225543372784171, guid: 72fc806d28c1db54fb93fa0be054b625, type: 3}
      propertyPath: m_AnchorMax.y
      value: 0
      objectReference: {fileID: 0}
    - target: {fileID: 8196225543372784171, guid: 72fc806d28c1db54fb93fa0be054b625, type: 3}
      propertyPath: m_AnchorMin.y
      value: 0
      objectReference: {fileID: 0}
    m_RemovedComponents: []
  m_SourcePrefab: {fileID: 100100000, guid: 72fc806d28c1db54fb93fa0be054b625, type: 3}
--- !u!1001 &9018783152497866649
PrefabInstance:
  m_ObjectHideFlags: 0
  serializedVersion: 2
  m_Modification:
    m_TransformParent: {fileID: 0}
    m_Modifications:
    - target: {fileID: 6099530127776445677, guid: eb4e0674ac5ec454a8f9e1bbe0a7917f, type: 3}
      propertyPath: m_BoundingSphereOverride.x
      value: 1.05e-43
      objectReference: {fileID: 0}
    - target: {fileID: 6099530127776445677, guid: eb4e0674ac5ec454a8f9e1bbe0a7917f, type: 3}
      propertyPath: m_BoundingSphereOverride.y
      value: 2.6562857e+20
      objectReference: {fileID: 0}
    - target: {fileID: 6099530127776445677, guid: eb4e0674ac5ec454a8f9e1bbe0a7917f, type: 3}
      propertyPath: m_BoundingSphereOverride.z
      value: 1.0691825e-38
      objectReference: {fileID: 0}
    - target: {fileID: 7201084386285335853, guid: eb4e0674ac5ec454a8f9e1bbe0a7917f, type: 3}
      propertyPath: m_BoundingSphereOverride.w
      value: 1.0000023
      objectReference: {fileID: 0}
    - target: {fileID: 7201084386285335853, guid: eb4e0674ac5ec454a8f9e1bbe0a7917f, type: 3}
      propertyPath: m_BoundingSphereOverride.x
      value: 4e-44
      objectReference: {fileID: 0}
    - target: {fileID: 7201084386285335853, guid: eb4e0674ac5ec454a8f9e1bbe0a7917f, type: 3}
      propertyPath: m_BoundingSphereOverride.y
      value: 4.2e-44
      objectReference: {fileID: 0}
    - target: {fileID: 7201084386285335853, guid: eb4e0674ac5ec454a8f9e1bbe0a7917f, type: 3}
      propertyPath: m_BoundingSphereOverride.z
      value: 1
      objectReference: {fileID: 0}
    - target: {fileID: 8592405013145850783, guid: eb4e0674ac5ec454a8f9e1bbe0a7917f, type: 3}
      propertyPath: m_BoundingSphereOverride.x
      value: 1.05e-43
      objectReference: {fileID: 0}
    - target: {fileID: 8592405013145850783, guid: eb4e0674ac5ec454a8f9e1bbe0a7917f, type: 3}
      propertyPath: m_BoundingSphereOverride.y
      value: 4.2105167e-11
      objectReference: {fileID: 0}
    - target: {fileID: 8592405013145850783, guid: eb4e0674ac5ec454a8f9e1bbe0a7917f, type: 3}
      propertyPath: m_BoundingSphereOverride.z
      value: 1.0652986e-38
      objectReference: {fileID: 0}
    - target: {fileID: 8877042842600530066, guid: eb4e0674ac5ec454a8f9e1bbe0a7917f, type: 3}
      propertyPath: m_BoundingSphereOverride.w
      value: 2.7e-44
      objectReference: {fileID: 0}
    - target: {fileID: 8877042842600530066, guid: eb4e0674ac5ec454a8f9e1bbe0a7917f, type: 3}
      propertyPath: m_BoundingSphereOverride.y
      value: NaN
      objectReference: {fileID: 0}
    - target: {fileID: 9018783152666543000, guid: eb4e0674ac5ec454a8f9e1bbe0a7917f, type: 3}
      propertyPath: m_RootOrder
      value: 8
      objectReference: {fileID: 0}
    - target: {fileID: 9018783152666543000, guid: eb4e0674ac5ec454a8f9e1bbe0a7917f, type: 3}
      propertyPath: m_LocalPosition.x
      value: -62.481762
      objectReference: {fileID: 0}
    - target: {fileID: 9018783152666543000, guid: eb4e0674ac5ec454a8f9e1bbe0a7917f, type: 3}
      propertyPath: m_LocalPosition.y
      value: -73.66884
      objectReference: {fileID: 0}
    - target: {fileID: 9018783152666543000, guid: eb4e0674ac5ec454a8f9e1bbe0a7917f, type: 3}
      propertyPath: m_LocalPosition.z
      value: 5.2309065
      objectReference: {fileID: 0}
    - target: {fileID: 9018783152666543000, guid: eb4e0674ac5ec454a8f9e1bbe0a7917f, type: 3}
      propertyPath: m_LocalRotation.w
      value: 1
      objectReference: {fileID: 0}
    - target: {fileID: 9018783152666543000, guid: eb4e0674ac5ec454a8f9e1bbe0a7917f, type: 3}
      propertyPath: m_LocalRotation.x
      value: 0
      objectReference: {fileID: 0}
    - target: {fileID: 9018783152666543000, guid: eb4e0674ac5ec454a8f9e1bbe0a7917f, type: 3}
      propertyPath: m_LocalRotation.y
      value: 0
      objectReference: {fileID: 0}
    - target: {fileID: 9018783152666543000, guid: eb4e0674ac5ec454a8f9e1bbe0a7917f, type: 3}
      propertyPath: m_LocalRotation.z
      value: 0
      objectReference: {fileID: 0}
    - target: {fileID: 9018783152666543000, guid: eb4e0674ac5ec454a8f9e1bbe0a7917f, type: 3}
      propertyPath: m_LocalEulerAnglesHint.x
      value: 0
      objectReference: {fileID: 0}
    - target: {fileID: 9018783152666543000, guid: eb4e0674ac5ec454a8f9e1bbe0a7917f, type: 3}
      propertyPath: m_LocalEulerAnglesHint.y
      value: 0
      objectReference: {fileID: 0}
    - target: {fileID: 9018783152666543000, guid: eb4e0674ac5ec454a8f9e1bbe0a7917f, type: 3}
      propertyPath: m_LocalEulerAnglesHint.z
      value: 0
      objectReference: {fileID: 0}
    - target: {fileID: 9018783152666543001, guid: eb4e0674ac5ec454a8f9e1bbe0a7917f, type: 3}
      propertyPath: m_Name
      value: Start_Room
      objectReference: {fileID: 0}
    m_RemovedComponents: []
  m_SourcePrefab: {fileID: 100100000, guid: eb4e0674ac5ec454a8f9e1bbe0a7917f, type: 3}
