%YAML 1.1
%TAG !u! tag:unity3d.com,2011:
--- !u!1 &1230185660439386001
GameObject:
  m_ObjectHideFlags: 0
  m_CorrespondingSourceObject: {fileID: 0}
  m_PrefabInstance: {fileID: 0}
  m_PrefabAsset: {fileID: 0}
  serializedVersion: 6
  m_Component:
  - component: {fileID: 8339490199927430079}
  m_Layer: 0
  m_Name: 2_2_with_wall
  m_TagString: Untagged
  m_Icon: {fileID: 0}
  m_NavMeshLayer: 0
  m_StaticEditorFlags: 2147483647
  m_IsActive: 1
--- !u!4 &8339490199927430079
Transform:
  m_ObjectHideFlags: 0
  m_CorrespondingSourceObject: {fileID: 0}
  m_PrefabInstance: {fileID: 0}
  m_PrefabAsset: {fileID: 0}
  m_GameObject: {fileID: 1230185660439386001}
  m_LocalRotation: {x: 0, y: 0, z: 0, w: 1}
  m_LocalPosition: {x: 93.63178, y: 63.42884, z: 70.86914}
  m_LocalScale: {x: 1, y: 1, z: 1}
  m_ConstrainProportionsScale: 0
  m_Children:
  - {fileID: 339175637013714353}
  - {fileID: 1115763328055301508}
  - {fileID: 3901000291469154047}
  - {fileID: 523713681170001501}
  m_Father: {fileID: 0}
  m_RootOrder: 0
  m_LocalEulerAnglesHint: {x: 0, y: 0, z: 0}
--- !u!1001 &1270794912913639165
PrefabInstance:
  m_ObjectHideFlags: 0
  serializedVersion: 2
  m_Modification:
    m_TransformParent: {fileID: 8339490199927430079}
    m_Modifications:
    - target: {fileID: 1554561303052536259, guid: 2f361b5b51636fb49bb9360ba4f80fce, type: 3}
      propertyPath: m_Name
      value: Room_Side_Right (1)
      objectReference: {fileID: 0}
    - target: {fileID: 2222871561033192313, guid: 2f361b5b51636fb49bb9360ba4f80fce, type: 3}
      propertyPath: m_RootOrder
      value: 1
      objectReference: {fileID: 0}
    - target: {fileID: 2222871561033192313, guid: 2f361b5b51636fb49bb9360ba4f80fce, type: 3}
      propertyPath: m_LocalPosition.x
      value: 12.800003
      objectReference: {fileID: 0}
    - target: {fileID: 2222871561033192313, guid: 2f361b5b51636fb49bb9360ba4f80fce, type: 3}
      propertyPath: m_LocalPosition.y
      value: -0
      objectReference: {fileID: 0}
    - target: {fileID: 2222871561033192313, guid: 2f361b5b51636fb49bb9360ba4f80fce, type: 3}
      propertyPath: m_LocalPosition.z
      value: -0.099998474
      objectReference: {fileID: 0}
    - target: {fileID: 2222871561033192313, guid: 2f361b5b51636fb49bb9360ba4f80fce, type: 3}
      propertyPath: m_LocalRotation.w
      value: 0
      objectReference: {fileID: 0}
    - target: {fileID: 2222871561033192313, guid: 2f361b5b51636fb49bb9360ba4f80fce, type: 3}
      propertyPath: m_LocalRotation.x
      value: -0
      objectReference: {fileID: 0}
    - target: {fileID: 2222871561033192313, guid: 2f361b5b51636fb49bb9360ba4f80fce, type: 3}
      propertyPath: m_LocalRotation.y
      value: -1
      objectReference: {fileID: 0}
    - target: {fileID: 2222871561033192313, guid: 2f361b5b51636fb49bb9360ba4f80fce, type: 3}
      propertyPath: m_LocalRotation.z
      value: -0
      objectReference: {fileID: 0}
    - target: {fileID: 2222871561033192313, guid: 2f361b5b51636fb49bb9360ba4f80fce, type: 3}
      propertyPath: m_LocalEulerAnglesHint.x
      value: 0
      objectReference: {fileID: 0}
    - target: {fileID: 2222871561033192313, guid: 2f361b5b51636fb49bb9360ba4f80fce, type: 3}
      propertyPath: m_LocalEulerAnglesHint.y
      value: -180
      objectReference: {fileID: 0}
    - target: {fileID: 2222871561033192313, guid: 2f361b5b51636fb49bb9360ba4f80fce, type: 3}
      propertyPath: m_LocalEulerAnglesHint.z
      value: 0
      objectReference: {fileID: 0}
    m_RemovedComponents: []
  m_SourcePrefab: {fileID: 100100000, guid: 2f361b5b51636fb49bb9360ba4f80fce, type: 3}
--- !u!4 &1115763328055301508 stripped
Transform:
  m_CorrespondingSourceObject: {fileID: 2222871561033192313, guid: 2f361b5b51636fb49bb9360ba4f80fce, type: 3}
  m_PrefabInstance: {fileID: 1270794912913639165}
  m_PrefabAsset: {fileID: 0}
--- !u!1001 &2250404625376859328
PrefabInstance:
  m_ObjectHideFlags: 0
  serializedVersion: 2
  m_Modification:
    m_TransformParent: {fileID: 8339490199927430079}
    m_Modifications:
    - target: {fileID: 1208132141274160075, guid: 35087d24ed59ec24fb6dc806c4b3af19, type: 3}
      propertyPath: m_Name
      value: Floor_undamaged
      objectReference: {fileID: 0}
    - target: {fileID: 1986075772834578801, guid: 35087d24ed59ec24fb6dc806c4b3af19, type: 3}
      propertyPath: m_RootOrder
      value: 0
      objectReference: {fileID: 0}
    - target: {fileID: 1986075772834578801, guid: 35087d24ed59ec24fb6dc806c4b3af19, type: 3}
      propertyPath: m_LocalPosition.x
      value: 12.800003
      objectReference: {fileID: 0}
    - target: {fileID: 1986075772834578801, guid: 35087d24ed59ec24fb6dc806c4b3af19, type: 3}
      propertyPath: m_LocalPosition.y
      value: -0
      objectReference: {fileID: 0}
    - target: {fileID: 1986075772834578801, guid: 35087d24ed59ec24fb6dc806c4b3af19, type: 3}
      propertyPath: m_LocalPosition.z
      value: 12.700005
      objectReference: {fileID: 0}
    - target: {fileID: 1986075772834578801, guid: 35087d24ed59ec24fb6dc806c4b3af19, type: 3}
      propertyPath: m_LocalRotation.w
      value: 1
      objectReference: {fileID: 0}
    - target: {fileID: 1986075772834578801, guid: 35087d24ed59ec24fb6dc806c4b3af19, type: 3}
      propertyPath: m_LocalRotation.x
      value: -0
      objectReference: {fileID: 0}
    - target: {fileID: 1986075772834578801, guid: 35087d24ed59ec24fb6dc806c4b3af19, type: 3}
      propertyPath: m_LocalRotation.y
      value: -0
      objectReference: {fileID: 0}
    - target: {fileID: 1986075772834578801, guid: 35087d24ed59ec24fb6dc806c4b3af19, type: 3}
      propertyPath: m_LocalRotation.z
      value: -0
      objectReference: {fileID: 0}
    - target: {fileID: 1986075772834578801, guid: 35087d24ed59ec24fb6dc806c4b3af19, type: 3}
      propertyPath: m_LocalEulerAnglesHint.x
      value: 0
      objectReference: {fileID: 0}
    - target: {fileID: 1986075772834578801, guid: 35087d24ed59ec24fb6dc806c4b3af19, type: 3}
      propertyPath: m_LocalEulerAnglesHint.y
      value: 0
      objectReference: {fileID: 0}
    - target: {fileID: 1986075772834578801, guid: 35087d24ed59ec24fb6dc806c4b3af19, type: 3}
      propertyPath: m_LocalEulerAnglesHint.z
      value: 0
      objectReference: {fileID: 0}
    m_RemovedComponents: []
  m_SourcePrefab: {fileID: 100100000, guid: 35087d24ed59ec24fb6dc806c4b3af19, type: 3}
--- !u!4 &339175637013714353 stripped
Transform:
  m_CorrespondingSourceObject: {fileID: 1986075772834578801, guid: 35087d24ed59ec24fb6dc806c4b3af19, type: 3}
  m_PrefabInstance: {fileID: 2250404625376859328}
  m_PrefabAsset: {fileID: 0}
--- !u!1001 &4734293219181365179
PrefabInstance:
  m_ObjectHideFlags: 0
  serializedVersion: 2
  m_Modification:
    m_TransformParent: {fileID: 8339490199927430079}
    m_Modifications:
    - target: {fileID: 8615585655875850564, guid: 02078304024f3e2458df8b6351d6c579, type: 3}
      propertyPath: m_RootOrder
      value: 2
      objectReference: {fileID: 0}
    - target: {fileID: 8615585655875850564, guid: 02078304024f3e2458df8b6351d6c579, type: 3}
      propertyPath: m_LocalPosition.x
      value: 0
      objectReference: {fileID: 0}
    - target: {fileID: 8615585655875850564, guid: 02078304024f3e2458df8b6351d6c579, type: 3}
      propertyPath: m_LocalPosition.y
      value: -0
      objectReference: {fileID: 0}
    - target: {fileID: 8615585655875850564, guid: 02078304024f3e2458df8b6351d6c579, type: 3}
      propertyPath: m_LocalPosition.z
      value: 12.700005
      objectReference: {fileID: 0}
    - target: {fileID: 8615585655875850564, guid: 02078304024f3e2458df8b6351d6c579, type: 3}
      propertyPath: m_LocalRotation.w
      value: 0
      objectReference: {fileID: 0}
    - target: {fileID: 8615585655875850564, guid: 02078304024f3e2458df8b6351d6c579, type: 3}
      propertyPath: m_LocalRotation.x
      value: -0
      objectReference: {fileID: 0}
    - target: {fileID: 8615585655875850564, guid: 02078304024f3e2458df8b6351d6c579, type: 3}
      propertyPath: m_LocalRotation.y
      value: 1
      objectReference: {fileID: 0}
    - target: {fileID: 8615585655875850564, guid: 02078304024f3e2458df8b6351d6c579, type: 3}
      propertyPath: m_LocalRotation.z
      value: -0
      objectReference: {fileID: 0}
    - target: {fileID: 8615585655875850564, guid: 02078304024f3e2458df8b6351d6c579, type: 3}
      propertyPath: m_LocalEulerAnglesHint.x
      value: 0
      objectReference: {fileID: 0}
    - target: {fileID: 8615585655875850564, guid: 02078304024f3e2458df8b6351d6c579, type: 3}
      propertyPath: m_LocalEulerAnglesHint.y
      value: 180
      objectReference: {fileID: 0}
    - target: {fileID: 8615585655875850564, guid: 02078304024f3e2458df8b6351d6c579, type: 3}
      propertyPath: m_LocalEulerAnglesHint.z
      value: 0
      objectReference: {fileID: 0}
    - target: {fileID: 8996895925303380990, guid: 02078304024f3e2458df8b6351d6c579, type: 3}
      propertyPath: m_Name
      value: Floor_slightly_damaged (3)
      objectReference: {fileID: 0}
    m_RemovedComponents: []
  m_SourcePrefab: {fileID: 100100000, guid: 02078304024f3e2458df8b6351d6c579, type: 3}
--- !u!4 &3901000291469154047 stripped
Transform:
  m_CorrespondingSourceObject: {fileID: 8615585655875850564, guid: 02078304024f3e2458df8b6351d6c579, type: 3}
  m_PrefabInstance: {fileID: 4734293219181365179}
  m_PrefabAsset: {fileID: 0}
--- !u!1001 &8130175251381763865
PrefabInstance:
  m_ObjectHideFlags: 0
  serializedVersion: 2
  m_Modification:
    m_TransformParent: {fileID: 8339490199927430079}
    m_Modifications:
    - target: {fileID: 8615585655875850564, guid: 02078304024f3e2458df8b6351d6c579, type: 3}
      propertyPath: m_RootOrder
      value: 3
      objectReference: {fileID: 0}
    - target: {fileID: 8615585655875850564, guid: 02078304024f3e2458df8b6351d6c579, type: 3}
      propertyPath: m_LocalPosition.x
      value: 0
      objectReference: {fileID: 0}
    - target: {fileID: 8615585655875850564, guid: 02078304024f3e2458df8b6351d6c579, type: 3}
      propertyPath: m_LocalPosition.y
      value: 0
      objectReference: {fileID: 0}
    - target: {fileID: 8615585655875850564, guid: 02078304024f3e2458df8b6351d6c579, type: 3}
      propertyPath: m_LocalPosition.z
      value: 0
      objectReference: {fileID: 0}
    - target: {fileID: 8615585655875850564, guid: 02078304024f3e2458df8b6351d6c579, type: 3}
      propertyPath: m_LocalRotation.w
      value: 0
      objectReference: {fileID: 0}
    - target: {fileID: 8615585655875850564, guid: 02078304024f3e2458df8b6351d6c579, type: 3}
      propertyPath: m_LocalRotation.x
      value: -0
      objectReference: {fileID: 0}
    - target: {fileID: 8615585655875850564, guid: 02078304024f3e2458df8b6351d6c579, type: 3}
      propertyPath: m_LocalRotation.y
      value: 1
      objectReference: {fileID: 0}
    - target: {fileID: 8615585655875850564, guid: 02078304024f3e2458df8b6351d6c579, type: 3}
      propertyPath: m_LocalRotation.z
      value: -0
      objectReference: {fileID: 0}
    - target: {fileID: 8615585655875850564, guid: 02078304024f3e2458df8b6351d6c579, type: 3}
      propertyPath: m_LocalEulerAnglesHint.x
      value: 0
      objectReference: {fileID: 0}
    - target: {fileID: 8615585655875850564, guid: 02078304024f3e2458df8b6351d6c579, type: 3}
      propertyPath: m_LocalEulerAnglesHint.y
      value: 180
      objectReference: {fileID: 0}
    - target: {fileID: 8615585655875850564, guid: 02078304024f3e2458df8b6351d6c579, type: 3}
      propertyPath: m_LocalEulerAnglesHint.z
      value: 0
      objectReference: {fileID: 0}
    - target: {fileID: 8996895925303380990, guid: 02078304024f3e2458df8b6351d6c579, type: 3}
      propertyPath: m_Name
      value: Floor_slightly_damaged (4)
      objectReference: {fileID: 0}
    m_RemovedComponents: []
  m_SourcePrefab: {fileID: 100100000, guid: 02078304024f3e2458df8b6351d6c579, type: 3}
--- !u!4 &523713681170001501 stripped
Transform:
  m_CorrespondingSourceObject: {fileID: 8615585655875850564, guid: 02078304024f3e2458df8b6351d6c579, type: 3}
  m_PrefabInstance: {fileID: 8130175251381763865}
  m_PrefabAsset: {fileID: 0}
