%YAML 1.1
%TAG !u! tag:unity3d.com,2011:
--- !u!1 &2429425123788314352
GameObject:
  m_ObjectHideFlags: 0
  m_CorrespondingSourceObject: {fileID: 0}
  m_PrefabInstance: {fileID: 0}
  m_PrefabAsset: {fileID: 0}
  serializedVersion: 6
  m_Component:
  - component: {fileID: 8959738316137993529}
  m_Layer: 0
  m_Name: Acid_Pool_3_x_1_Side
  m_TagString: Untagged
  m_Icon: {fileID: 0}
  m_NavMeshLayer: 0
  m_StaticEditorFlags: 2147483647
  m_IsActive: 1
--- !u!4 &8959738316137993529
Transform:
  m_ObjectHideFlags: 0
  m_CorrespondingSourceObject: {fileID: 0}
  m_PrefabInstance: {fileID: 0}
  m_PrefabAsset: {fileID: 0}
  m_GameObject: {fileID: 2429425123788314352}
  m_LocalRotation: {x: 0, y: 0, z: 0, w: 1}
  m_LocalPosition: {x: 0, y: 0, z: 0}
  m_LocalScale: {x: 1, y: 1, z: 1}
  m_ConstrainProportionsScale: 0
  m_Children:
  - {fileID: 4603098377087437589}
  - {fileID: 2041629076184110979}
  - {fileID: 2041629074746960210}
  m_Father: {fileID: 0}
  m_RootOrder: 0
  m_LocalEulerAnglesHint: {x: 0, y: 0, z: 0}
--- !u!1001 &2008583093951918552
PrefabInstance:
  m_ObjectHideFlags: 0
  serializedVersion: 2
  m_Modification:
    m_TransformParent: {fileID: 8959738316137993529}
    m_Modifications:
    - target: {fileID: 2611690015824198349, guid: aa31411fe29b914459f7f0719fcdf7e2, type: 3}
      propertyPath: m_RootOrder
      value: 0
      objectReference: {fileID: 0}
    - target: {fileID: 2611690015824198349, guid: aa31411fe29b914459f7f0719fcdf7e2, type: 3}
      propertyPath: m_LocalPosition.x
      value: 113.55701
      objectReference: {fileID: 0}
    - target: {fileID: 2611690015824198349, guid: aa31411fe29b914459f7f0719fcdf7e2, type: 3}
      propertyPath: m_LocalPosition.y
      value: 93.474495
      objectReference: {fileID: 0}
    - target: {fileID: 2611690015824198349, guid: aa31411fe29b914459f7f0719fcdf7e2, type: 3}
      propertyPath: m_LocalPosition.z
      value: 190.12543
      objectReference: {fileID: 0}
    - target: {fileID: 2611690015824198349, guid: aa31411fe29b914459f7f0719fcdf7e2, type: 3}
      propertyPath: m_LocalRotation.w
      value: 1
      objectReference: {fileID: 0}
    - target: {fileID: 2611690015824198349, guid: aa31411fe29b914459f7f0719fcdf7e2, type: 3}
      propertyPath: m_LocalRotation.x
      value: -0
      objectReference: {fileID: 0}
    - target: {fileID: 2611690015824198349, guid: aa31411fe29b914459f7f0719fcdf7e2, type: 3}
      propertyPath: m_LocalRotation.y
      value: -0
      objectReference: {fileID: 0}
    - target: {fileID: 2611690015824198349, guid: aa31411fe29b914459f7f0719fcdf7e2, type: 3}
      propertyPath: m_LocalRotation.z
      value: -0
      objectReference: {fileID: 0}
    - target: {fileID: 2611690015824198349, guid: aa31411fe29b914459f7f0719fcdf7e2, type: 3}
      propertyPath: m_LocalEulerAnglesHint.x
      value: 0
      objectReference: {fileID: 0}
    - target: {fileID: 2611690015824198349, guid: aa31411fe29b914459f7f0719fcdf7e2, type: 3}
      propertyPath: m_LocalEulerAnglesHint.y
      value: 0
      objectReference: {fileID: 0}
    - target: {fileID: 2611690015824198349, guid: aa31411fe29b914459f7f0719fcdf7e2, type: 3}
      propertyPath: m_LocalEulerAnglesHint.z
      value: 0
      objectReference: {fileID: 0}
    - target: {fileID: 3419717110473089143, guid: aa31411fe29b914459f7f0719fcdf7e2, type: 3}
      propertyPath: m_Name
      value: Acid_Pool_Side_Wall
      objectReference: {fileID: 0}
    m_RemovedComponents: []
  m_SourcePrefab: {fileID: 100100000, guid: aa31411fe29b914459f7f0719fcdf7e2, type: 3}
--- !u!4 &4603098377087437589 stripped
Transform:
  m_CorrespondingSourceObject: {fileID: 2611690015824198349, guid: aa31411fe29b914459f7f0719fcdf7e2, type: 3}
  m_PrefabInstance: {fileID: 2008583093951918552}
  m_PrefabAsset: {fileID: 0}
--- !u!1001 &4065559591519432014
PrefabInstance:
  m_ObjectHideFlags: 0
  serializedVersion: 2
  m_Modification:
    m_TransformParent: {fileID: 8959738316137993529}
    m_Modifications:
    - target: {fileID: 2611690015824198349, guid: aa31411fe29b914459f7f0719fcdf7e2, type: 3}
      propertyPath: m_RootOrder
      value: 1
      objectReference: {fileID: 0}
    - target: {fileID: 2611690015824198349, guid: aa31411fe29b914459f7f0719fcdf7e2, type: 3}
      propertyPath: m_LocalPosition.x
      value: 100.757
      objectReference: {fileID: 0}
    - target: {fileID: 2611690015824198349, guid: aa31411fe29b914459f7f0719fcdf7e2, type: 3}
      propertyPath: m_LocalPosition.y
      value: 93.474495
      objectReference: {fileID: 0}
    - target: {fileID: 2611690015824198349, guid: aa31411fe29b914459f7f0719fcdf7e2, type: 3}
      propertyPath: m_LocalPosition.z
      value: 190.12543
      objectReference: {fileID: 0}
    - target: {fileID: 2611690015824198349, guid: aa31411fe29b914459f7f0719fcdf7e2, type: 3}
      propertyPath: m_LocalRotation.w
      value: 1
      objectReference: {fileID: 0}
    - target: {fileID: 2611690015824198349, guid: aa31411fe29b914459f7f0719fcdf7e2, type: 3}
      propertyPath: m_LocalRotation.x
      value: -0
      objectReference: {fileID: 0}
    - target: {fileID: 2611690015824198349, guid: aa31411fe29b914459f7f0719fcdf7e2, type: 3}
      propertyPath: m_LocalRotation.y
      value: -0
      objectReference: {fileID: 0}
    - target: {fileID: 2611690015824198349, guid: aa31411fe29b914459f7f0719fcdf7e2, type: 3}
      propertyPath: m_LocalRotation.z
      value: -0
      objectReference: {fileID: 0}
    - target: {fileID: 2611690015824198349, guid: aa31411fe29b914459f7f0719fcdf7e2, type: 3}
      propertyPath: m_LocalEulerAnglesHint.x
      value: 0
      objectReference: {fileID: 0}
    - target: {fileID: 2611690015824198349, guid: aa31411fe29b914459f7f0719fcdf7e2, type: 3}
      propertyPath: m_LocalEulerAnglesHint.y
      value: 0
      objectReference: {fileID: 0}
    - target: {fileID: 2611690015824198349, guid: aa31411fe29b914459f7f0719fcdf7e2, type: 3}
      propertyPath: m_LocalEulerAnglesHint.z
      value: 0
      objectReference: {fileID: 0}
    - target: {fileID: 3419717110473089143, guid: aa31411fe29b914459f7f0719fcdf7e2, type: 3}
      propertyPath: m_Name
      value: Acid_Pool_Side_Wall
      objectReference: {fileID: 0}
    m_RemovedComponents: []
  m_SourcePrefab: {fileID: 100100000, guid: aa31411fe29b914459f7f0719fcdf7e2, type: 3}
--- !u!4 &2041629076184110979 stripped
Transform:
  m_CorrespondingSourceObject: {fileID: 2611690015824198349, guid: aa31411fe29b914459f7f0719fcdf7e2, type: 3}
  m_PrefabInstance: {fileID: 4065559591519432014}
  m_PrefabAsset: {fileID: 0}
--- !u!1001 &4065559593567409055
PrefabInstance:
  m_ObjectHideFlags: 0
  serializedVersion: 2
  m_Modification:
    m_TransformParent: {fileID: 8959738316137993529}
    m_Modifications:
    - target: {fileID: 2611690015824198349, guid: aa31411fe29b914459f7f0719fcdf7e2, type: 3}
      propertyPath: m_RootOrder
      value: 2
      objectReference: {fileID: 0}
    - target: {fileID: 2611690015824198349, guid: aa31411fe29b914459f7f0719fcdf7e2, type: 3}
      propertyPath: m_LocalPosition.x
      value: 87.95701
      objectReference: {fileID: 0}
    - target: {fileID: 2611690015824198349, guid: aa31411fe29b914459f7f0719fcdf7e2, type: 3}
      propertyPath: m_LocalPosition.y
      value: 93.474495
      objectReference: {fileID: 0}
    - target: {fileID: 2611690015824198349, guid: aa31411fe29b914459f7f0719fcdf7e2, type: 3}
      propertyPath: m_LocalPosition.z
      value: 190.12543
      objectReference: {fileID: 0}
    - target: {fileID: 2611690015824198349, guid: aa31411fe29b914459f7f0719fcdf7e2, type: 3}
      propertyPath: m_LocalRotation.w
      value: 1
      objectReference: {fileID: 0}
    - target: {fileID: 2611690015824198349, guid: aa31411fe29b914459f7f0719fcdf7e2, type: 3}
      propertyPath: m_LocalRotation.x
      value: -0
      objectReference: {fileID: 0}
    - target: {fileID: 2611690015824198349, guid: aa31411fe29b914459f7f0719fcdf7e2, type: 3}
      propertyPath: m_LocalRotation.y
      value: -0
      objectReference: {fileID: 0}
    - target: {fileID: 2611690015824198349, guid: aa31411fe29b914459f7f0719fcdf7e2, type: 3}
      propertyPath: m_LocalRotation.z
      value: -0
      objectReference: {fileID: 0}
    - target: {fileID: 2611690015824198349, guid: aa31411fe29b914459f7f0719fcdf7e2, type: 3}
      propertyPath: m_LocalEulerAnglesHint.x
      value: 0
      objectReference: {fileID: 0}
    - target: {fileID: 2611690015824198349, guid: aa31411fe29b914459f7f0719fcdf7e2, type: 3}
      propertyPath: m_LocalEulerAnglesHint.y
      value: 0
      objectReference: {fileID: 0}
    - target: {fileID: 2611690015824198349, guid: aa31411fe29b914459f7f0719fcdf7e2, type: 3}
      propertyPath: m_LocalEulerAnglesHint.z
      value: 0
      objectReference: {fileID: 0}
    - target: {fileID: 3419717110473089143, guid: aa31411fe29b914459f7f0719fcdf7e2, type: 3}
      propertyPath: m_Name
      value: Acid_Pool_Side_Wall
      objectReference: {fileID: 0}
    m_RemovedComponents: []
  m_SourcePrefab: {fileID: 100100000, guid: aa31411fe29b914459f7f0719fcdf7e2, type: 3}
--- !u!4 &2041629074746960210 stripped
Transform:
  m_CorrespondingSourceObject: {fileID: 2611690015824198349, guid: aa31411fe29b914459f7f0719fcdf7e2, type: 3}
  m_PrefabInstance: {fileID: 4065559593567409055}
  m_PrefabAsset: {fileID: 0}
