%YAML 1.1
%TAG !u! tag:unity3d.com,2011:
--- !u!1 &4091112812174407883
GameObject:
  m_ObjectHideFlags: 0
  m_CorrespondingSourceObject: {fileID: 0}
  m_PrefabInstance: {fileID: 0}
  m_PrefabAsset: {fileID: 0}
  serializedVersion: 6
  m_Component:
  - component: {fileID: 4091112812174407882}
  m_Layer: 0
  m_Name: Library_Curiosities
  m_TagString: Untagged
  m_Icon: {fileID: 0}
  m_NavMeshLayer: 0
  m_StaticEditorFlags: 2147483647
  m_IsActive: 1
--- !u!4 &4091112812174407882
Transform:
  m_ObjectHideFlags: 0
  m_CorrespondingSourceObject: {fileID: 0}
  m_PrefabInstance: {fileID: 0}
  m_PrefabAsset: {fileID: 0}
  m_GameObject: {fileID: 4091112812174407883}
  m_LocalRotation: {x: 0, y: 0, z: 0, w: 1}
  m_LocalPosition: {x: 0, y: 0, z: 0}
  m_LocalScale: {x: 1, y: 1, z: 1}
  m_ConstrainProportionsScale: 0
  m_Children:
  - {fileID: 3263308381402860642}
  - {fileID: 4561077767684958011}
  - {fileID: 2915086411034689899}
  - {fileID: 4561077766769475446}
  - {fileID: 2915086410751959856}
  - {fileID: 2915086409529255507}
  m_Father: {fileID: 0}
  m_RootOrder: 0
  m_LocalEulerAnglesHint: {x: 0, y: 0, z: 0}
--- !u!1001 &3261536617822946716
PrefabInstance:
  m_ObjectHideFlags: 0
  serializedVersion: 2
  m_Modification:
    m_TransformParent: {fileID: 4091112812174407882}
    m_Modifications:
    - target: {fileID: 1301393328033364714, guid: 84cab65ba37de884b92234f10fcdd5a8, type: 3}
      propertyPath: m_RootOrder
      value: 3
      objectReference: {fileID: 0}
    - target: {fileID: 1301393328033364714, guid: 84cab65ba37de884b92234f10fcdd5a8, type: 3}
      propertyPath: m_LocalPosition.x
      value: -132.55223
      objectReference: {fileID: 0}
    - target: {fileID: 1301393328033364714, guid: 84cab65ba37de884b92234f10fcdd5a8, type: 3}
      propertyPath: m_LocalPosition.y
      value: 6.740487
      objectReference: {fileID: 0}
    - target: {fileID: 1301393328033364714, guid: 84cab65ba37de884b92234f10fcdd5a8, type: 3}
      propertyPath: m_LocalPosition.z
      value: -8.830017
      objectReference: {fileID: 0}
    - target: {fileID: 1301393328033364714, guid: 84cab65ba37de884b92234f10fcdd5a8, type: 3}
      propertyPath: m_LocalRotation.w
      value: 1
      objectReference: {fileID: 0}
    - target: {fileID: 1301393328033364714, guid: 84cab65ba37de884b92234f10fcdd5a8, type: 3}
      propertyPath: m_LocalRotation.x
      value: -0
      objectReference: {fileID: 0}
    - target: {fileID: 1301393328033364714, guid: 84cab65ba37de884b92234f10fcdd5a8, type: 3}
      propertyPath: m_LocalRotation.y
      value: -0
      objectReference: {fileID: 0}
    - target: {fileID: 1301393328033364714, guid: 84cab65ba37de884b92234f10fcdd5a8, type: 3}
      propertyPath: m_LocalRotation.z
      value: -0
      objectReference: {fileID: 0}
    - target: {fileID: 1301393328033364714, guid: 84cab65ba37de884b92234f10fcdd5a8, type: 3}
      propertyPath: m_LocalEulerAnglesHint.x
      value: 0
      objectReference: {fileID: 0}
    - target: {fileID: 1301393328033364714, guid: 84cab65ba37de884b92234f10fcdd5a8, type: 3}
      propertyPath: m_LocalEulerAnglesHint.y
      value: 0
      objectReference: {fileID: 0}
    - target: {fileID: 1301393328033364714, guid: 84cab65ba37de884b92234f10fcdd5a8, type: 3}
      propertyPath: m_LocalEulerAnglesHint.z
      value: 0
      objectReference: {fileID: 0}
    - target: {fileID: 1820768142982226000, guid: 84cab65ba37de884b92234f10fcdd5a8, type: 3}
      propertyPath: m_Name
      value: Alien_Object
      objectReference: {fileID: 0}
    m_RemovedComponents: []
  m_SourcePrefab: {fileID: 100100000, guid: 84cab65ba37de884b92234f10fcdd5a8, type: 3}
--- !u!4 &4561077766769475446 stripped
Transform:
  m_CorrespondingSourceObject: {fileID: 1301393328033364714, guid: 84cab65ba37de884b92234f10fcdd5a8, type: 3}
  m_PrefabInstance: {fileID: 3261536617822946716}
  m_PrefabAsset: {fileID: 0}
--- !u!1001 &4091112811284868074
PrefabInstance:
  m_ObjectHideFlags: 0
  serializedVersion: 2
  m_Modification:
    m_TransformParent: {fileID: 4091112812174407882}
    m_Modifications:
    - target: {fileID: 1203299789507504769, guid: 78b3e5859ecdbb5478d6d01a1a92e504, type: 3}
      propertyPath: m_RootOrder
      value: 2
      objectReference: {fileID: 0}
    - target: {fileID: 1203299789507504769, guid: 78b3e5859ecdbb5478d6d01a1a92e504, type: 3}
      propertyPath: m_LocalScale.x
      value: 2.0754523
      objectReference: {fileID: 0}
    - target: {fileID: 1203299789507504769, guid: 78b3e5859ecdbb5478d6d01a1a92e504, type: 3}
      propertyPath: m_LocalScale.y
      value: 2.0754519
      objectReference: {fileID: 0}
    - target: {fileID: 1203299789507504769, guid: 78b3e5859ecdbb5478d6d01a1a92e504, type: 3}
      propertyPath: m_LocalScale.z
      value: 2.0754523
      objectReference: {fileID: 0}
    - target: {fileID: 1203299789507504769, guid: 78b3e5859ecdbb5478d6d01a1a92e504, type: 3}
      propertyPath: m_LocalPosition.x
      value: -132.32217
      objectReference: {fileID: 0}
    - target: {fileID: 1203299789507504769, guid: 78b3e5859ecdbb5478d6d01a1a92e504, type: 3}
      propertyPath: m_LocalPosition.y
      value: 0.28617072
      objectReference: {fileID: 0}
    - target: {fileID: 1203299789507504769, guid: 78b3e5859ecdbb5478d6d01a1a92e504, type: 3}
      propertyPath: m_LocalPosition.z
      value: -23.964172
      objectReference: {fileID: 0}
    - target: {fileID: 1203299789507504769, guid: 78b3e5859ecdbb5478d6d01a1a92e504, type: 3}
      propertyPath: m_LocalRotation.w
      value: 1
      objectReference: {fileID: 0}
    - target: {fileID: 1203299789507504769, guid: 78b3e5859ecdbb5478d6d01a1a92e504, type: 3}
      propertyPath: m_LocalRotation.x
      value: -0
      objectReference: {fileID: 0}
    - target: {fileID: 1203299789507504769, guid: 78b3e5859ecdbb5478d6d01a1a92e504, type: 3}
      propertyPath: m_LocalRotation.y
      value: -0
      objectReference: {fileID: 0}
    - target: {fileID: 1203299789507504769, guid: 78b3e5859ecdbb5478d6d01a1a92e504, type: 3}
      propertyPath: m_LocalRotation.z
      value: -0
      objectReference: {fileID: 0}
    - target: {fileID: 1203299789507504769, guid: 78b3e5859ecdbb5478d6d01a1a92e504, type: 3}
      propertyPath: m_LocalEulerAnglesHint.x
      value: 0
      objectReference: {fileID: 0}
    - target: {fileID: 1203299789507504769, guid: 78b3e5859ecdbb5478d6d01a1a92e504, type: 3}
      propertyPath: m_LocalEulerAnglesHint.y
      value: 0
      objectReference: {fileID: 0}
    - target: {fileID: 1203299789507504769, guid: 78b3e5859ecdbb5478d6d01a1a92e504, type: 3}
      propertyPath: m_LocalEulerAnglesHint.z
      value: 0
      objectReference: {fileID: 0}
    - target: {fileID: 2015688921057718331, guid: 78b3e5859ecdbb5478d6d01a1a92e504, type: 3}
      propertyPath: m_Name
      value: Display_Case
      objectReference: {fileID: 0}
    m_RemovedComponents: []
  m_SourcePrefab: {fileID: 100100000, guid: 78b3e5859ecdbb5478d6d01a1a92e504, type: 3}
--- !u!4 &2915086411034689899 stripped
Transform:
  m_CorrespondingSourceObject: {fileID: 1203299789507504769, guid: 78b3e5859ecdbb5478d6d01a1a92e504, type: 3}
  m_PrefabInstance: {fileID: 4091112811284868074}
  m_PrefabAsset: {fileID: 0}
--- !u!1001 &4091112811568417201
PrefabInstance:
  m_ObjectHideFlags: 0
  serializedVersion: 2
  m_Modification:
    m_TransformParent: {fileID: 4091112812174407882}
    m_Modifications:
    - target: {fileID: 1203299789507504769, guid: 78b3e5859ecdbb5478d6d01a1a92e504, type: 3}
      propertyPath: m_RootOrder
      value: 4
      objectReference: {fileID: 0}
    - target: {fileID: 1203299789507504769, guid: 78b3e5859ecdbb5478d6d01a1a92e504, type: 3}
      propertyPath: m_LocalScale.x
      value: 2.0754523
      objectReference: {fileID: 0}
    - target: {fileID: 1203299789507504769, guid: 78b3e5859ecdbb5478d6d01a1a92e504, type: 3}
      propertyPath: m_LocalScale.y
      value: 2.0754519
      objectReference: {fileID: 0}
    - target: {fileID: 1203299789507504769, guid: 78b3e5859ecdbb5478d6d01a1a92e504, type: 3}
      propertyPath: m_LocalScale.z
      value: 2.0754523
      objectReference: {fileID: 0}
    - target: {fileID: 1203299789507504769, guid: 78b3e5859ecdbb5478d6d01a1a92e504, type: 3}
      propertyPath: m_LocalPosition.x
      value: -132.32217
      objectReference: {fileID: 0}
    - target: {fileID: 1203299789507504769, guid: 78b3e5859ecdbb5478d6d01a1a92e504, type: 3}
      propertyPath: m_LocalPosition.y
      value: 0.28617072
      objectReference: {fileID: 0}
    - target: {fileID: 1203299789507504769, guid: 78b3e5859ecdbb5478d6d01a1a92e504, type: 3}
      propertyPath: m_LocalPosition.z
      value: -8.604126
      objectReference: {fileID: 0}
    - target: {fileID: 1203299789507504769, guid: 78b3e5859ecdbb5478d6d01a1a92e504, type: 3}
      propertyPath: m_LocalRotation.w
      value: 1
      objectReference: {fileID: 0}
    - target: {fileID: 1203299789507504769, guid: 78b3e5859ecdbb5478d6d01a1a92e504, type: 3}
      propertyPath: m_LocalRotation.x
      value: -0
      objectReference: {fileID: 0}
    - target: {fileID: 1203299789507504769, guid: 78b3e5859ecdbb5478d6d01a1a92e504, type: 3}
      propertyPath: m_LocalRotation.y
      value: -0
      objectReference: {fileID: 0}
    - target: {fileID: 1203299789507504769, guid: 78b3e5859ecdbb5478d6d01a1a92e504, type: 3}
      propertyPath: m_LocalRotation.z
      value: -0
      objectReference: {fileID: 0}
    - target: {fileID: 1203299789507504769, guid: 78b3e5859ecdbb5478d6d01a1a92e504, type: 3}
      propertyPath: m_LocalEulerAnglesHint.x
      value: 0
      objectReference: {fileID: 0}
    - target: {fileID: 1203299789507504769, guid: 78b3e5859ecdbb5478d6d01a1a92e504, type: 3}
      propertyPath: m_LocalEulerAnglesHint.y
      value: 0
      objectReference: {fileID: 0}
    - target: {fileID: 1203299789507504769, guid: 78b3e5859ecdbb5478d6d01a1a92e504, type: 3}
      propertyPath: m_LocalEulerAnglesHint.z
      value: 0
      objectReference: {fileID: 0}
    - target: {fileID: 2015688921057718331, guid: 78b3e5859ecdbb5478d6d01a1a92e504, type: 3}
      propertyPath: m_Name
      value: Display_Case (1)
      objectReference: {fileID: 0}
    m_RemovedComponents: []
  m_SourcePrefab: {fileID: 100100000, guid: 78b3e5859ecdbb5478d6d01a1a92e504, type: 3}
--- !u!4 &2915086410751959856 stripped
Transform:
  m_CorrespondingSourceObject: {fileID: 1203299789507504769, guid: 78b3e5859ecdbb5478d6d01a1a92e504, type: 3}
  m_PrefabInstance: {fileID: 4091112811568417201}
  m_PrefabAsset: {fileID: 0}
--- !u!1001 &4091112812790336722
PrefabInstance:
  m_ObjectHideFlags: 0
  serializedVersion: 2
  m_Modification:
    m_TransformParent: {fileID: 4091112812174407882}
    m_Modifications:
    - target: {fileID: 1203299789507504769, guid: 78b3e5859ecdbb5478d6d01a1a92e504, type: 3}
      propertyPath: m_RootOrder
      value: 5
      objectReference: {fileID: 0}
    - target: {fileID: 1203299789507504769, guid: 78b3e5859ecdbb5478d6d01a1a92e504, type: 3}
      propertyPath: m_LocalScale.x
      value: 2.0754523
      objectReference: {fileID: 0}
    - target: {fileID: 1203299789507504769, guid: 78b3e5859ecdbb5478d6d01a1a92e504, type: 3}
      propertyPath: m_LocalScale.y
      value: 2.0754519
      objectReference: {fileID: 0}
    - target: {fileID: 1203299789507504769, guid: 78b3e5859ecdbb5478d6d01a1a92e504, type: 3}
      propertyPath: m_LocalScale.z
      value: 2.0754523
      objectReference: {fileID: 0}
    - target: {fileID: 1203299789507504769, guid: 78b3e5859ecdbb5478d6d01a1a92e504, type: 3}
      propertyPath: m_LocalPosition.x
      value: -132.32217
      objectReference: {fileID: 0}
    - target: {fileID: 1203299789507504769, guid: 78b3e5859ecdbb5478d6d01a1a92e504, type: 3}
      propertyPath: m_LocalPosition.y
      value: 0.28617072
      objectReference: {fileID: 0}
    - target: {fileID: 1203299789507504769, guid: 78b3e5859ecdbb5478d6d01a1a92e504, type: 3}
      propertyPath: m_LocalPosition.z
      value: -36.76416
      objectReference: {fileID: 0}
    - target: {fileID: 1203299789507504769, guid: 78b3e5859ecdbb5478d6d01a1a92e504, type: 3}
      propertyPath: m_LocalRotation.w
      value: 1
      objectReference: {fileID: 0}
    - target: {fileID: 1203299789507504769, guid: 78b3e5859ecdbb5478d6d01a1a92e504, type: 3}
      propertyPath: m_LocalRotation.x
      value: -0
      objectReference: {fileID: 0}
    - target: {fileID: 1203299789507504769, guid: 78b3e5859ecdbb5478d6d01a1a92e504, type: 3}
      propertyPath: m_LocalRotation.y
      value: -0
      objectReference: {fileID: 0}
    - target: {fileID: 1203299789507504769, guid: 78b3e5859ecdbb5478d6d01a1a92e504, type: 3}
      propertyPath: m_LocalRotation.z
      value: -0
      objectReference: {fileID: 0}
    - target: {fileID: 1203299789507504769, guid: 78b3e5859ecdbb5478d6d01a1a92e504, type: 3}
      propertyPath: m_LocalEulerAnglesHint.x
      value: 0
      objectReference: {fileID: 0}
    - target: {fileID: 1203299789507504769, guid: 78b3e5859ecdbb5478d6d01a1a92e504, type: 3}
      propertyPath: m_LocalEulerAnglesHint.y
      value: 0
      objectReference: {fileID: 0}
    - target: {fileID: 1203299789507504769, guid: 78b3e5859ecdbb5478d6d01a1a92e504, type: 3}
      propertyPath: m_LocalEulerAnglesHint.z
      value: 0
      objectReference: {fileID: 0}
    - target: {fileID: 2015688921057718331, guid: 78b3e5859ecdbb5478d6d01a1a92e504, type: 3}
      propertyPath: m_Name
      value: Display_Case (2)
      objectReference: {fileID: 0}
    m_RemovedComponents: []
  m_SourcePrefab: {fileID: 100100000, guid: 78b3e5859ecdbb5478d6d01a1a92e504, type: 3}
--- !u!4 &2915086409529255507 stripped
Transform:
  m_CorrespondingSourceObject: {fileID: 1203299789507504769, guid: 78b3e5859ecdbb5478d6d01a1a92e504, type: 3}
  m_PrefabInstance: {fileID: 4091112812790336722}
  m_PrefabAsset: {fileID: 0}
--- !u!1001 &8104358859921200522
PrefabInstance:
  m_ObjectHideFlags: 0
  serializedVersion: 2
  m_Modification:
    m_TransformParent: {fileID: 4091112812174407882}
    m_Modifications:
    - target: {fileID: 6231361701171053394, guid: 9d88b49cbda36cc4aac4d6f6fa0f8763, type: 3}
      propertyPath: m_Name
      value: Energy_Sphere
      objectReference: {fileID: 0}
    - target: {fileID: 6715411161534568936, guid: 9d88b49cbda36cc4aac4d6f6fa0f8763, type: 3}
      propertyPath: m_RootOrder
      value: 0
      objectReference: {fileID: 0}
    - target: {fileID: 6715411161534568936, guid: 9d88b49cbda36cc4aac4d6f6fa0f8763, type: 3}
      propertyPath: m_LocalScale.x
      value: 0.85858
      objectReference: {fileID: 0}
    - target: {fileID: 6715411161534568936, guid: 9d88b49cbda36cc4aac4d6f6fa0f8763, type: 3}
      propertyPath: m_LocalScale.y
      value: 0.85858
      objectReference: {fileID: 0}
    - target: {fileID: 6715411161534568936, guid: 9d88b49cbda36cc4aac4d6f6fa0f8763, type: 3}
      propertyPath: m_LocalScale.z
      value: 0.85858
      objectReference: {fileID: 0}
    - target: {fileID: 6715411161534568936, guid: 9d88b49cbda36cc4aac4d6f6fa0f8763, type: 3}
      propertyPath: m_LocalPosition.x
      value: -132.27956
      objectReference: {fileID: 0}
    - target: {fileID: 6715411161534568936, guid: 9d88b49cbda36cc4aac4d6f6fa0f8763, type: 3}
      propertyPath: m_LocalPosition.y
      value: 7.160507
      objectReference: {fileID: 0}
    - target: {fileID: 6715411161534568936, guid: 9d88b49cbda36cc4aac4d6f6fa0f8763, type: 3}
      propertyPath: m_LocalPosition.z
      value: -37.081055
      objectReference: {fileID: 0}
    - target: {fileID: 6715411161534568936, guid: 9d88b49cbda36cc4aac4d6f6fa0f8763, type: 3}
      propertyPath: m_LocalRotation.w
      value: 1
      objectReference: {fileID: 0}
    - target: {fileID: 6715411161534568936, guid: 9d88b49cbda36cc4aac4d6f6fa0f8763, type: 3}
      propertyPath: m_LocalRotation.x
      value: -0
      objectReference: {fileID: 0}
    - target: {fileID: 6715411161534568936, guid: 9d88b49cbda36cc4aac4d6f6fa0f8763, type: 3}
      propertyPath: m_LocalRotation.y
      value: -0
      objectReference: {fileID: 0}
    - target: {fileID: 6715411161534568936, guid: 9d88b49cbda36cc4aac4d6f6fa0f8763, type: 3}
      propertyPath: m_LocalRotation.z
      value: -0
      objectReference: {fileID: 0}
    - target: {fileID: 6715411161534568936, guid: 9d88b49cbda36cc4aac4d6f6fa0f8763, type: 3}
      propertyPath: m_LocalEulerAnglesHint.x
      value: 0
      objectReference: {fileID: 0}
    - target: {fileID: 6715411161534568936, guid: 9d88b49cbda36cc4aac4d6f6fa0f8763, type: 3}
      propertyPath: m_LocalEulerAnglesHint.y
      value: 0
      objectReference: {fileID: 0}
    - target: {fileID: 6715411161534568936, guid: 9d88b49cbda36cc4aac4d6f6fa0f8763, type: 3}
      propertyPath: m_LocalEulerAnglesHint.z
      value: 0
      objectReference: {fileID: 0}
    m_RemovedComponents: []
  m_SourcePrefab: {fileID: 100100000, guid: 9d88b49cbda36cc4aac4d6f6fa0f8763, type: 3}
--- !u!4 &3263308381402860642 stripped
Transform:
  m_CorrespondingSourceObject: {fileID: 6715411161534568936, guid: 9d88b49cbda36cc4aac4d6f6fa0f8763, type: 3}
  m_PrefabInstance: {fileID: 8104358859921200522}
  m_PrefabAsset: {fileID: 0}
--- !u!1001 &8108445203163601866
PrefabInstance:
  m_ObjectHideFlags: 0
  serializedVersion: 2
  m_Modification:
    m_TransformParent: {fileID: 4091112812174407882}
    m_Modifications:
    - target: {fileID: 4936261092116670027, guid: ca9c15d7e9066424093dd69035c4662c, type: 3}
      propertyPath: m_Name
      value: SteampunkCube
      objectReference: {fileID: 0}
    - target: {fileID: 5749636451520380145, guid: ca9c15d7e9066424093dd69035c4662c, type: 3}
      propertyPath: m_RootOrder
      value: 1
      objectReference: {fileID: 0}
    - target: {fileID: 5749636451520380145, guid: ca9c15d7e9066424093dd69035c4662c, type: 3}
      propertyPath: m_LocalPosition.x
      value: -133.37927
      objectReference: {fileID: 0}
    - target: {fileID: 5749636451520380145, guid: ca9c15d7e9066424093dd69035c4662c, type: 3}
      propertyPath: m_LocalPosition.y
      value: 8.988193
      objectReference: {fileID: 0}
    - target: {fileID: 5749636451520380145, guid: ca9c15d7e9066424093dd69035c4662c, type: 3}
      propertyPath: m_LocalPosition.z
      value: -24.26416
      objectReference: {fileID: 0}
    - target: {fileID: 5749636451520380145, guid: ca9c15d7e9066424093dd69035c4662c, type: 3}
      propertyPath: m_LocalRotation.w
      value: 0.7071068
      objectReference: {fileID: 0}
    - target: {fileID: 5749636451520380145, guid: ca9c15d7e9066424093dd69035c4662c, type: 3}
      propertyPath: m_LocalRotation.x
      value: -0
      objectReference: {fileID: 0}
    - target: {fileID: 5749636451520380145, guid: ca9c15d7e9066424093dd69035c4662c, type: 3}
      propertyPath: m_LocalRotation.y
      value: -0
      objectReference: {fileID: 0}
    - target: {fileID: 5749636451520380145, guid: ca9c15d7e9066424093dd69035c4662c, type: 3}
      propertyPath: m_LocalRotation.z
      value: -0.7071068
      objectReference: {fileID: 0}
    - target: {fileID: 5749636451520380145, guid: ca9c15d7e9066424093dd69035c4662c, type: 3}
      propertyPath: m_LocalEulerAnglesHint.x
      value: 0
      objectReference: {fileID: 0}
    - target: {fileID: 5749636451520380145, guid: ca9c15d7e9066424093dd69035c4662c, type: 3}
      propertyPath: m_LocalEulerAnglesHint.y
      value: 0
      objectReference: {fileID: 0}
    - target: {fileID: 5749636451520380145, guid: ca9c15d7e9066424093dd69035c4662c, type: 3}
      propertyPath: m_LocalEulerAnglesHint.z
      value: -90
      objectReference: {fileID: 0}
    m_RemovedComponents: []
  m_SourcePrefab: {fileID: 100100000, guid: ca9c15d7e9066424093dd69035c4662c, type: 3}
--- !u!4 &4561077767684958011 stripped
Transform:
  m_CorrespondingSourceObject: {fileID: 5749636451520380145, guid: ca9c15d7e9066424093dd69035c4662c, type: 3}
  m_PrefabInstance: {fileID: 8108445203163601866}
  m_PrefabAsset: {fileID: 0}
