%YAML 1.1
%TAG !u! tag:unity3d.com,2011:
--- !u!1 &6298411738733468962
GameObject:
  m_ObjectHideFlags: 0
  m_CorrespondingSourceObject: {fileID: 0}
  m_PrefabInstance: {fileID: 0}
  m_PrefabAsset: {fileID: 0}
  serializedVersion: 6
  m_Component:
  - component: {fileID: 145072287608762107}
  m_Layer: 0
  m_Name: Wall_Row
  m_TagString: Untagged
  m_Icon: {fileID: 0}
  m_NavMeshLayer: 0
  m_StaticEditorFlags: 2147483647
  m_IsActive: 1
--- !u!4 &145072287608762107
Transform:
  m_ObjectHideFlags: 0
  m_CorrespondingSourceObject: {fileID: 0}
  m_PrefabInstance: {fileID: 0}
  m_PrefabAsset: {fileID: 0}
  m_GameObject: {fileID: 6298411738733468962}
  m_LocalRotation: {x: 0, y: 0, z: 0, w: 1}
  m_LocalPosition: {x: 115.197495, y: -10.240002, z: 184.51997}
  m_LocalScale: {x: 1, y: 1, z: 1}
  m_ConstrainProportionsScale: 0
  m_Children:
  - {fileID: 654173044501192950}
  - {fileID: 4770193643418376795}
  - {fileID: 7694755573758918523}
  - {fileID: 4483688587458597941}
  m_Father: {fileID: 0}
  m_RootOrder: 0
  m_LocalEulerAnglesHint: {x: 0, y: 0, z: 0}
--- !u!1001 &1285344033469060221
PrefabInstance:
  m_ObjectHideFlags: 0
  serializedVersion: 2
  m_Modification:
    m_TransformParent: {fileID: 145072287608762107}
    m_Modifications:
    - target: {fileID: 2640488418216663794, guid: 00d4b556cf91f4c4c981fd8e07d21e2f, type: 3}
      propertyPath: m_Name
      value: Wall_2-0 (8)
      objectReference: {fileID: 0}
    - target: {fileID: 3454039454470504520, guid: 00d4b556cf91f4c4c981fd8e07d21e2f, type: 3}
      propertyPath: m_RootOrder
      value: 3
      objectReference: {fileID: 0}
    - target: {fileID: 3454039454470504520, guid: 00d4b556cf91f4c4c981fd8e07d21e2f, type: 3}
      propertyPath: m_LocalPosition.x
      value: 0
      objectReference: {fileID: 0}
    - target: {fileID: 3454039454470504520, guid: 00d4b556cf91f4c4c981fd8e07d21e2f, type: 3}
      propertyPath: m_LocalPosition.y
      value: 0
      objectReference: {fileID: 0}
    - target: {fileID: 3454039454470504520, guid: 00d4b556cf91f4c4c981fd8e07d21e2f, type: 3}
      propertyPath: m_LocalPosition.z
      value: 0
      objectReference: {fileID: 0}
    - target: {fileID: 3454039454470504520, guid: 00d4b556cf91f4c4c981fd8e07d21e2f, type: 3}
      propertyPath: m_LocalRotation.w
      value: 0.7071068
      objectReference: {fileID: 0}
    - target: {fileID: 3454039454470504520, guid: 00d4b556cf91f4c4c981fd8e07d21e2f, type: 3}
      propertyPath: m_LocalRotation.x
      value: -0
      objectReference: {fileID: 0}
    - target: {fileID: 3454039454470504520, guid: 00d4b556cf91f4c4c981fd8e07d21e2f, type: 3}
      propertyPath: m_LocalRotation.y
      value: -0.7071068
      objectReference: {fileID: 0}
    - target: {fileID: 3454039454470504520, guid: 00d4b556cf91f4c4c981fd8e07d21e2f, type: 3}
      propertyPath: m_LocalRotation.z
      value: -0
      objectReference: {fileID: 0}
    - target: {fileID: 3454039454470504520, guid: 00d4b556cf91f4c4c981fd8e07d21e2f, type: 3}
      propertyPath: m_LocalEulerAnglesHint.x
      value: 0
      objectReference: {fileID: 0}
    - target: {fileID: 3454039454470504520, guid: 00d4b556cf91f4c4c981fd8e07d21e2f, type: 3}
      propertyPath: m_LocalEulerAnglesHint.y
      value: -90
      objectReference: {fileID: 0}
    - target: {fileID: 3454039454470504520, guid: 00d4b556cf91f4c4c981fd8e07d21e2f, type: 3}
      propertyPath: m_LocalEulerAnglesHint.z
      value: 0
      objectReference: {fileID: 0}
    m_RemovedComponents: []
  m_SourcePrefab: {fileID: 100100000, guid: 00d4b556cf91f4c4c981fd8e07d21e2f, type: 3}
--- !u!4 &4483688587458597941 stripped
Transform:
  m_CorrespondingSourceObject: {fileID: 3454039454470504520, guid: 00d4b556cf91f4c4c981fd8e07d21e2f, type: 3}
  m_PrefabInstance: {fileID: 1285344033469060221}
  m_PrefabAsset: {fileID: 0}
--- !u!1001 &2808874519757267134
PrefabInstance:
  m_ObjectHideFlags: 0
  serializedVersion: 2
  m_Modification:
    m_TransformParent: {fileID: 145072287608762107}
    m_Modifications:
    - target: {fileID: 2640488418216663794, guid: 00d4b556cf91f4c4c981fd8e07d21e2f, type: 3}
      propertyPath: m_Name
      value: Wall_2-0 (5)
      objectReference: {fileID: 0}
    - target: {fileID: 3454039454470504520, guid: 00d4b556cf91f4c4c981fd8e07d21e2f, type: 3}
      propertyPath: m_RootOrder
      value: 0
      objectReference: {fileID: 0}
    - target: {fileID: 3454039454470504520, guid: 00d4b556cf91f4c4c981fd8e07d21e2f, type: 3}
      propertyPath: m_LocalPosition.x
      value: 38.399994
      objectReference: {fileID: 0}
    - target: {fileID: 3454039454470504520, guid: 00d4b556cf91f4c4c981fd8e07d21e2f, type: 3}
      propertyPath: m_LocalPosition.y
      value: 0
      objectReference: {fileID: 0}
    - target: {fileID: 3454039454470504520, guid: 00d4b556cf91f4c4c981fd8e07d21e2f, type: 3}
      propertyPath: m_LocalPosition.z
      value: 0
      objectReference: {fileID: 0}
    - target: {fileID: 3454039454470504520, guid: 00d4b556cf91f4c4c981fd8e07d21e2f, type: 3}
      propertyPath: m_LocalRotation.w
      value: 0.7071068
      objectReference: {fileID: 0}
    - target: {fileID: 3454039454470504520, guid: 00d4b556cf91f4c4c981fd8e07d21e2f, type: 3}
      propertyPath: m_LocalRotation.x
      value: -0
      objectReference: {fileID: 0}
    - target: {fileID: 3454039454470504520, guid: 00d4b556cf91f4c4c981fd8e07d21e2f, type: 3}
      propertyPath: m_LocalRotation.y
      value: -0.7071068
      objectReference: {fileID: 0}
    - target: {fileID: 3454039454470504520, guid: 00d4b556cf91f4c4c981fd8e07d21e2f, type: 3}
      propertyPath: m_LocalRotation.z
      value: -0
      objectReference: {fileID: 0}
    - target: {fileID: 3454039454470504520, guid: 00d4b556cf91f4c4c981fd8e07d21e2f, type: 3}
      propertyPath: m_LocalEulerAnglesHint.x
      value: 0
      objectReference: {fileID: 0}
    - target: {fileID: 3454039454470504520, guid: 00d4b556cf91f4c4c981fd8e07d21e2f, type: 3}
      propertyPath: m_LocalEulerAnglesHint.y
      value: -90
      objectReference: {fileID: 0}
    - target: {fileID: 3454039454470504520, guid: 00d4b556cf91f4c4c981fd8e07d21e2f, type: 3}
      propertyPath: m_LocalEulerAnglesHint.z
      value: 0
      objectReference: {fileID: 0}
    m_RemovedComponents: []
  m_SourcePrefab: {fileID: 100100000, guid: 00d4b556cf91f4c4c981fd8e07d21e2f, type: 3}
--- !u!4 &654173044501192950 stripped
Transform:
  m_CorrespondingSourceObject: {fileID: 3454039454470504520, guid: 00d4b556cf91f4c4c981fd8e07d21e2f, type: 3}
  m_PrefabInstance: {fileID: 2808874519757267134}
  m_PrefabAsset: {fileID: 0}
--- !u!1001 &4982799752669003571
PrefabInstance:
  m_ObjectHideFlags: 0
  serializedVersion: 2
  m_Modification:
    m_TransformParent: {fileID: 145072287608762107}
    m_Modifications:
    - target: {fileID: 2640488418216663794, guid: 00d4b556cf91f4c4c981fd8e07d21e2f, type: 3}
      propertyPath: m_Name
      value: Wall_2-0 (7)
      objectReference: {fileID: 0}
    - target: {fileID: 3454039454470504520, guid: 00d4b556cf91f4c4c981fd8e07d21e2f, type: 3}
      propertyPath: m_RootOrder
      value: 2
      objectReference: {fileID: 0}
    - target: {fileID: 3454039454470504520, guid: 00d4b556cf91f4c4c981fd8e07d21e2f, type: 3}
      propertyPath: m_LocalPosition.x
      value: 12.799995
      objectReference: {fileID: 0}
    - target: {fileID: 3454039454470504520, guid: 00d4b556cf91f4c4c981fd8e07d21e2f, type: 3}
      propertyPath: m_LocalPosition.y
      value: 0
      objectReference: {fileID: 0}
    - target: {fileID: 3454039454470504520, guid: 00d4b556cf91f4c4c981fd8e07d21e2f, type: 3}
      propertyPath: m_LocalPosition.z
      value: 0
      objectReference: {fileID: 0}
    - target: {fileID: 3454039454470504520, guid: 00d4b556cf91f4c4c981fd8e07d21e2f, type: 3}
      propertyPath: m_LocalRotation.w
      value: 0.7071068
      objectReference: {fileID: 0}
    - target: {fileID: 3454039454470504520, guid: 00d4b556cf91f4c4c981fd8e07d21e2f, type: 3}
      propertyPath: m_LocalRotation.x
      value: -0
      objectReference: {fileID: 0}
    - target: {fileID: 3454039454470504520, guid: 00d4b556cf91f4c4c981fd8e07d21e2f, type: 3}
      propertyPath: m_LocalRotation.y
      value: -0.7071068
      objectReference: {fileID: 0}
    - target: {fileID: 3454039454470504520, guid: 00d4b556cf91f4c4c981fd8e07d21e2f, type: 3}
      propertyPath: m_LocalRotation.z
      value: -0
      objectReference: {fileID: 0}
    - target: {fileID: 3454039454470504520, guid: 00d4b556cf91f4c4c981fd8e07d21e2f, type: 3}
      propertyPath: m_LocalEulerAnglesHint.x
      value: 0
      objectReference: {fileID: 0}
    - target: {fileID: 3454039454470504520, guid: 00d4b556cf91f4c4c981fd8e07d21e2f, type: 3}
      propertyPath: m_LocalEulerAnglesHint.y
      value: -90
      objectReference: {fileID: 0}
    - target: {fileID: 3454039454470504520, guid: 00d4b556cf91f4c4c981fd8e07d21e2f, type: 3}
      propertyPath: m_LocalEulerAnglesHint.z
      value: 0
      objectReference: {fileID: 0}
    m_RemovedComponents: []
  m_SourcePrefab: {fileID: 100100000, guid: 00d4b556cf91f4c4c981fd8e07d21e2f, type: 3}
--- !u!4 &7694755573758918523 stripped
Transform:
  m_CorrespondingSourceObject: {fileID: 3454039454470504520, guid: 00d4b556cf91f4c4c981fd8e07d21e2f, type: 3}
  m_PrefabInstance: {fileID: 4982799752669003571}
  m_PrefabAsset: {fileID: 0}
--- !u!1001 &7916227865465674259
PrefabInstance:
  m_ObjectHideFlags: 0
  serializedVersion: 2
  m_Modification:
    m_TransformParent: {fileID: 145072287608762107}
    m_Modifications:
    - target: {fileID: 2640488418216663794, guid: 00d4b556cf91f4c4c981fd8e07d21e2f, type: 3}
      propertyPath: m_Name
      value: Wall_2-0 (6)
      objectReference: {fileID: 0}
    - target: {fileID: 3454039454470504520, guid: 00d4b556cf91f4c4c981fd8e07d21e2f, type: 3}
      propertyPath: m_RootOrder
      value: 1
      objectReference: {fileID: 0}
    - target: {fileID: 3454039454470504520, guid: 00d4b556cf91f4c4c981fd8e07d21e2f, type: 3}
      propertyPath: m_LocalPosition.x
      value: 25.59999
      objectReference: {fileID: 0}
    - target: {fileID: 3454039454470504520, guid: 00d4b556cf91f4c4c981fd8e07d21e2f, type: 3}
      propertyPath: m_LocalPosition.y
      value: 0
      objectReference: {fileID: 0}
    - target: {fileID: 3454039454470504520, guid: 00d4b556cf91f4c4c981fd8e07d21e2f, type: 3}
      propertyPath: m_LocalPosition.z
      value: 0
      objectReference: {fileID: 0}
    - target: {fileID: 3454039454470504520, guid: 00d4b556cf91f4c4c981fd8e07d21e2f, type: 3}
      propertyPath: m_LocalRotation.w
      value: 0.7071068
      objectReference: {fileID: 0}
    - target: {fileID: 3454039454470504520, guid: 00d4b556cf91f4c4c981fd8e07d21e2f, type: 3}
      propertyPath: m_LocalRotation.x
      value: -0
      objectReference: {fileID: 0}
    - target: {fileID: 3454039454470504520, guid: 00d4b556cf91f4c4c981fd8e07d21e2f, type: 3}
      propertyPath: m_LocalRotation.y
      value: -0.7071068
      objectReference: {fileID: 0}
    - target: {fileID: 3454039454470504520, guid: 00d4b556cf91f4c4c981fd8e07d21e2f, type: 3}
      propertyPath: m_LocalRotation.z
      value: -0
      objectReference: {fileID: 0}
    - target: {fileID: 3454039454470504520, guid: 00d4b556cf91f4c4c981fd8e07d21e2f, type: 3}
      propertyPath: m_LocalEulerAnglesHint.x
      value: 0
      objectReference: {fileID: 0}
    - target: {fileID: 3454039454470504520, guid: 00d4b556cf91f4c4c981fd8e07d21e2f, type: 3}
      propertyPath: m_LocalEulerAnglesHint.y
      value: -90
      objectReference: {fileID: 0}
    - target: {fileID: 3454039454470504520, guid: 00d4b556cf91f4c4c981fd8e07d21e2f, type: 3}
      propertyPath: m_LocalEulerAnglesHint.z
      value: 0
      objectReference: {fileID: 0}
    m_RemovedComponents: []
  m_SourcePrefab: {fileID: 100100000, guid: 00d4b556cf91f4c4c981fd8e07d21e2f, type: 3}
--- !u!4 &4770193643418376795 stripped
Transform:
  m_CorrespondingSourceObject: {fileID: 3454039454470504520, guid: 00d4b556cf91f4c4c981fd8e07d21e2f, type: 3}
  m_PrefabInstance: {fileID: 7916227865465674259}
  m_PrefabAsset: {fileID: 0}
