%YAML 1.1
%TAG !u! tag:unity3d.com,2011:
--- !u!1 &2168261350976758355
GameObject:
  m_ObjectHideFlags: 0
  m_CorrespondingSourceObject: {fileID: 0}
  m_PrefabInstance: {fileID: 0}
  m_PrefabAsset: {fileID: 0}
  serializedVersion: 6
  m_Component:
  - component: {fileID: 2168261350976758354}
  m_Layer: 0
  m_Name: Puzzle_Room_Damaged
  m_TagString: Untagged
  m_Icon: {fileID: 0}
  m_NavMeshLayer: 0
  m_StaticEditorFlags: 0
  m_IsActive: 1
--- !u!4 &2168261350976758354
Transform:
  m_ObjectHideFlags: 0
  m_CorrespondingSourceObject: {fileID: 0}
  m_PrefabInstance: {fileID: 0}
  m_PrefabAsset: {fileID: 0}
  m_GameObject: {fileID: 2168261350976758355}
  m_LocalRotation: {x: -0, y: -0, z: -0, w: 1}
  m_LocalPosition: {x: -106.13462, y: 47.66759, z: -168.08098}
  m_LocalScale: {x: 1, y: 1, z: 1}
  m_ConstrainProportionsScale: 0
  m_Children:
  - {fileID: 6522556501351254036}
  - {fileID: 58001290286320377}
  - {fileID: 4604855080678708454}
  - {fileID: 4604855079270856844}
  - {fileID: 8111635038581678393}
  - {fileID: 7790137053699103857}
  - {fileID: 1164202758874605189}
  - {fileID: 8197813673196034550}
  - {fileID: 2157132870785768645}
  - {fileID: 2513222071076186479}
  - {fileID: 403286920034101861}
  - {fileID: 2513222069805323260}
  - {fileID: 271361313096613023}
  - {fileID: 6553779934165771840}
  - {fileID: 1845788965023583675}
  - {fileID: 7284978319912271725}
  - {fileID: 7284978319146367822}
  - {fileID: 7284978320107363847}
  m_Father: {fileID: 0}
  m_RootOrder: 0
  m_LocalEulerAnglesHint: {x: 0, y: 0, z: 0}
--- !u!1001 &2168261349249720302
PrefabInstance:
  m_ObjectHideFlags: 0
  serializedVersion: 2
  m_Modification:
    m_TransformParent: {fileID: 2168261350976758354}
    m_Modifications:
    - target: {fileID: 8090039114357258809, guid: 36debda1121ecb8499682bcf3847513f, type: 3}
      propertyPath: m_Name
      value: small_torch (3)
      objectReference: {fileID: 0}
    - target: {fileID: 8867102896369950851, guid: 36debda1121ecb8499682bcf3847513f, type: 3}
      propertyPath: m_RootOrder
      value: 15
      objectReference: {fileID: 0}
    - target: {fileID: 8867102896369950851, guid: 36debda1121ecb8499682bcf3847513f, type: 3}
      propertyPath: m_LocalPosition.x
      value: -14.355431
      objectReference: {fileID: 0}
    - target: {fileID: 8867102896369950851, guid: 36debda1121ecb8499682bcf3847513f, type: 3}
      propertyPath: m_LocalPosition.y
      value: 6.8985405
      objectReference: {fileID: 0}
    - target: {fileID: 8867102896369950851, guid: 36debda1121ecb8499682bcf3847513f, type: 3}
      propertyPath: m_LocalPosition.z
      value: -31.12001
      objectReference: {fileID: 0}
    - target: {fileID: 8867102896369950851, guid: 36debda1121ecb8499682bcf3847513f, type: 3}
      propertyPath: m_LocalRotation.w
      value: 0.7071068
      objectReference: {fileID: 0}
    - target: {fileID: 8867102896369950851, guid: 36debda1121ecb8499682bcf3847513f, type: 3}
      propertyPath: m_LocalRotation.x
      value: -0
      objectReference: {fileID: 0}
    - target: {fileID: 8867102896369950851, guid: 36debda1121ecb8499682bcf3847513f, type: 3}
      propertyPath: m_LocalRotation.y
      value: -0.7071068
      objectReference: {fileID: 0}
    - target: {fileID: 8867102896369950851, guid: 36debda1121ecb8499682bcf3847513f, type: 3}
      propertyPath: m_LocalRotation.z
      value: -0
      objectReference: {fileID: 0}
    - target: {fileID: 8867102896369950851, guid: 36debda1121ecb8499682bcf3847513f, type: 3}
      propertyPath: m_LocalEulerAnglesHint.x
      value: 0
      objectReference: {fileID: 0}
    - target: {fileID: 8867102896369950851, guid: 36debda1121ecb8499682bcf3847513f, type: 3}
      propertyPath: m_LocalEulerAnglesHint.y
      value: -90
      objectReference: {fileID: 0}
    - target: {fileID: 8867102896369950851, guid: 36debda1121ecb8499682bcf3847513f, type: 3}
      propertyPath: m_LocalEulerAnglesHint.z
      value: 0
      objectReference: {fileID: 0}
    m_RemovedComponents: []
  m_SourcePrefab: {fileID: 100100000, guid: 36debda1121ecb8499682bcf3847513f, type: 3}
--- !u!4 &7284978319912271725 stripped
Transform:
  m_CorrespondingSourceObject: {fileID: 8867102896369950851, guid: 36debda1121ecb8499682bcf3847513f, type: 3}
  m_PrefabInstance: {fileID: 2168261349249720302}
  m_PrefabAsset: {fileID: 0}
--- !u!1001 &2168261349291088256
PrefabInstance:
  m_ObjectHideFlags: 0
  serializedVersion: 2
  m_Modification:
    m_TransformParent: {fileID: 2168261350976758354}
    m_Modifications:
    - target: {fileID: 1554561303052536259, guid: 2f361b5b51636fb49bb9360ba4f80fce, type: 3}
      propertyPath: m_Name
      value: Room_Side_Right
      objectReference: {fileID: 0}
    - target: {fileID: 1554561303052536259, guid: 2f361b5b51636fb49bb9360ba4f80fce, type: 3}
      propertyPath: m_StaticEditorFlags
      value: 2147483647
      objectReference: {fileID: 0}
    - target: {fileID: 2222871561033192313, guid: 2f361b5b51636fb49bb9360ba4f80fce, type: 3}
      propertyPath: m_RootOrder
      value: 1
      objectReference: {fileID: 0}
    - target: {fileID: 2222871561033192313, guid: 2f361b5b51636fb49bb9360ba4f80fce, type: 3}
      propertyPath: m_LocalPosition.x
      value: 0
      objectReference: {fileID: 0}
    - target: {fileID: 2222871561033192313, guid: 2f361b5b51636fb49bb9360ba4f80fce, type: 3}
      propertyPath: m_LocalPosition.y
      value: 0
      objectReference: {fileID: 0}
    - target: {fileID: 2222871561033192313, guid: 2f361b5b51636fb49bb9360ba4f80fce, type: 3}
      propertyPath: m_LocalPosition.z
      value: 0
      objectReference: {fileID: 0}
    - target: {fileID: 2222871561033192313, guid: 2f361b5b51636fb49bb9360ba4f80fce, type: 3}
      propertyPath: m_LocalRotation.w
      value: 0
      objectReference: {fileID: 0}
    - target: {fileID: 2222871561033192313, guid: 2f361b5b51636fb49bb9360ba4f80fce, type: 3}
      propertyPath: m_LocalRotation.x
      value: -0
      objectReference: {fileID: 0}
    - target: {fileID: 2222871561033192313, guid: 2f361b5b51636fb49bb9360ba4f80fce, type: 3}
      propertyPath: m_LocalRotation.y
      value: -1
      objectReference: {fileID: 0}
    - target: {fileID: 2222871561033192313, guid: 2f361b5b51636fb49bb9360ba4f80fce, type: 3}
      propertyPath: m_LocalRotation.z
      value: -0
      objectReference: {fileID: 0}
    - target: {fileID: 2222871561033192313, guid: 2f361b5b51636fb49bb9360ba4f80fce, type: 3}
      propertyPath: m_LocalEulerAnglesHint.x
      value: 0
      objectReference: {fileID: 0}
    - target: {fileID: 2222871561033192313, guid: 2f361b5b51636fb49bb9360ba4f80fce, type: 3}
      propertyPath: m_LocalEulerAnglesHint.y
      value: -180
      objectReference: {fileID: 0}
    - target: {fileID: 2222871561033192313, guid: 2f361b5b51636fb49bb9360ba4f80fce, type: 3}
      propertyPath: m_LocalEulerAnglesHint.z
      value: 0
      objectReference: {fileID: 0}
    - target: {fileID: 7502753594205057306, guid: 2f361b5b51636fb49bb9360ba4f80fce, type: 3}
      propertyPath: m_StaticEditorFlags
      value: 2147483647
      objectReference: {fileID: 0}
    m_RemovedComponents: []
  m_SourcePrefab: {fileID: 100100000, guid: 2f361b5b51636fb49bb9360ba4f80fce, type: 3}
--- !u!4 &58001290286320377 stripped
Transform:
  m_CorrespondingSourceObject: {fileID: 2222871561033192313, guid: 2f361b5b51636fb49bb9360ba4f80fce, type: 3}
  m_PrefabInstance: {fileID: 2168261349291088256}
  m_PrefabAsset: {fileID: 0}
--- !u!1001 &2168261349548343511
PrefabInstance:
  m_ObjectHideFlags: 0
  serializedVersion: 2
  m_Modification:
    m_TransformParent: {fileID: 2168261350976758354}
    m_Modifications:
    - target: {fileID: 1748377894068880269, guid: d16d89e05ad3d49458ed554ba33485aa, type: 3}
      propertyPath: m_StaticEditorFlags
      value: 2147483647
      objectReference: {fileID: 0}
    - target: {fileID: 7336002664166882132, guid: d16d89e05ad3d49458ed554ba33485aa, type: 3}
      propertyPath: m_Name
      value: Room_Side_Back
      objectReference: {fileID: 0}
    - target: {fileID: 7336002664166882132, guid: d16d89e05ad3d49458ed554ba33485aa, type: 3}
      propertyPath: m_StaticEditorFlags
      value: 2147483647
      objectReference: {fileID: 0}
    - target: {fileID: 7963884914993799662, guid: d16d89e05ad3d49458ed554ba33485aa, type: 3}
      propertyPath: m_RootOrder
      value: 4
      objectReference: {fileID: 0}
    - target: {fileID: 7963884914993799662, guid: d16d89e05ad3d49458ed554ba33485aa, type: 3}
      propertyPath: m_LocalPosition.x
      value: -12.600002
      objectReference: {fileID: 0}
    - target: {fileID: 7963884914993799662, guid: d16d89e05ad3d49458ed554ba33485aa, type: 3}
      propertyPath: m_LocalPosition.y
      value: 0
      objectReference: {fileID: 0}
    - target: {fileID: 7963884914993799662, guid: d16d89e05ad3d49458ed554ba33485aa, type: 3}
      propertyPath: m_LocalPosition.z
      value: -25.500008
      objectReference: {fileID: 0}
    - target: {fileID: 7963884914993799662, guid: d16d89e05ad3d49458ed554ba33485aa, type: 3}
      propertyPath: m_LocalRotation.w
      value: 0.7071068
      objectReference: {fileID: 0}
    - target: {fileID: 7963884914993799662, guid: d16d89e05ad3d49458ed554ba33485aa, type: 3}
      propertyPath: m_LocalRotation.x
      value: -0
      objectReference: {fileID: 0}
    - target: {fileID: 7963884914993799662, guid: d16d89e05ad3d49458ed554ba33485aa, type: 3}
      propertyPath: m_LocalRotation.y
      value: -0.7071068
      objectReference: {fileID: 0}
    - target: {fileID: 7963884914993799662, guid: d16d89e05ad3d49458ed554ba33485aa, type: 3}
      propertyPath: m_LocalRotation.z
      value: -0
      objectReference: {fileID: 0}
    - target: {fileID: 7963884914993799662, guid: d16d89e05ad3d49458ed554ba33485aa, type: 3}
      propertyPath: m_LocalEulerAnglesHint.x
      value: 0
      objectReference: {fileID: 0}
    - target: {fileID: 7963884914993799662, guid: d16d89e05ad3d49458ed554ba33485aa, type: 3}
      propertyPath: m_LocalEulerAnglesHint.y
      value: -90
      objectReference: {fileID: 0}
    - target: {fileID: 7963884914993799662, guid: d16d89e05ad3d49458ed554ba33485aa, type: 3}
      propertyPath: m_LocalEulerAnglesHint.z
      value: 0
      objectReference: {fileID: 0}
    m_RemovedComponents: []
  m_SourcePrefab: {fileID: 100100000, guid: d16d89e05ad3d49458ed554ba33485aa, type: 3}
--- !u!4 &8111635038581678393 stripped
Transform:
  m_CorrespondingSourceObject: {fileID: 7963884914993799662, guid: d16d89e05ad3d49458ed554ba33485aa, type: 3}
  m_PrefabInstance: {fileID: 2168261349548343511}
  m_PrefabAsset: {fileID: 0}
--- !u!1001 &2168261349568327167
PrefabInstance:
  m_ObjectHideFlags: 0
  serializedVersion: 2
  m_Modification:
    m_TransformParent: {fileID: 2168261350976758354}
    m_Modifications:
    - target: {fileID: 4016125310669022393, guid: b738182934b25604e8974c23b4a1debe, type: 3}
      propertyPath: m_Name
      value: Floor_heavily_damaged (1)
      objectReference: {fileID: 0}
    - target: {fileID: 4016125310669022393, guid: b738182934b25604e8974c23b4a1debe, type: 3}
      propertyPath: m_StaticEditorFlags
      value: 2147483647
      objectReference: {fileID: 0}
    - target: {fileID: 4393248369218272771, guid: b738182934b25604e8974c23b4a1debe, type: 3}
      propertyPath: m_RootOrder
      value: 11
      objectReference: {fileID: 0}
    - target: {fileID: 4393248369218272771, guid: b738182934b25604e8974c23b4a1debe, type: 3}
      propertyPath: m_LocalScale.z
      value: 1.08
      objectReference: {fileID: 0}
    - target: {fileID: 4393248369218272771, guid: b738182934b25604e8974c23b4a1debe, type: 3}
      propertyPath: m_LocalPosition.x
      value: -12.800007
      objectReference: {fileID: 0}
    - target: {fileID: 4393248369218272771, guid: b738182934b25604e8974c23b4a1debe, type: 3}
      propertyPath: m_LocalPosition.y
      value: 0
      objectReference: {fileID: 0}
    - target: {fileID: 4393248369218272771, guid: b738182934b25604e8974c23b4a1debe, type: 3}
      propertyPath: m_LocalPosition.z
      value: 0
      objectReference: {fileID: 0}
    - target: {fileID: 4393248369218272771, guid: b738182934b25604e8974c23b4a1debe, type: 3}
      propertyPath: m_LocalRotation.w
      value: 1
      objectReference: {fileID: 0}
    - target: {fileID: 4393248369218272771, guid: b738182934b25604e8974c23b4a1debe, type: 3}
      propertyPath: m_LocalRotation.x
      value: -0
      objectReference: {fileID: 0}
    - target: {fileID: 4393248369218272771, guid: b738182934b25604e8974c23b4a1debe, type: 3}
      propertyPath: m_LocalRotation.y
      value: -0
      objectReference: {fileID: 0}
    - target: {fileID: 4393248369218272771, guid: b738182934b25604e8974c23b4a1debe, type: 3}
      propertyPath: m_LocalRotation.z
      value: -0
      objectReference: {fileID: 0}
    - target: {fileID: 4393248369218272771, guid: b738182934b25604e8974c23b4a1debe, type: 3}
      propertyPath: m_LocalEulerAnglesHint.x
      value: 0
      objectReference: {fileID: 0}
    - target: {fileID: 4393248369218272771, guid: b738182934b25604e8974c23b4a1debe, type: 3}
      propertyPath: m_LocalEulerAnglesHint.y
      value: 0
      objectReference: {fileID: 0}
    - target: {fileID: 4393248369218272771, guid: b738182934b25604e8974c23b4a1debe, type: 3}
      propertyPath: m_LocalEulerAnglesHint.z
      value: 0
      objectReference: {fileID: 0}
    - target: {fileID: 5346317365346999392, guid: b738182934b25604e8974c23b4a1debe, type: 3}
      propertyPath: m_StaticEditorFlags
      value: 2147483647
      objectReference: {fileID: 0}
    m_RemovedComponents: []
  m_SourcePrefab: {fileID: 100100000, guid: b738182934b25604e8974c23b4a1debe, type: 3}
--- !u!4 &2513222069805323260 stripped
Transform:
  m_CorrespondingSourceObject: {fileID: 4393248369218272771, guid: b738182934b25604e8974c23b4a1debe, type: 3}
  m_PrefabInstance: {fileID: 2168261349568327167}
  m_PrefabAsset: {fileID: 0}
--- !u!1001 &2168261349612792596
PrefabInstance:
  m_ObjectHideFlags: 0
  serializedVersion: 2
  m_Modification:
    m_TransformParent: {fileID: 2168261350976758354}
    m_Modifications:
    - target: {fileID: 1208132141274160075, guid: 35087d24ed59ec24fb6dc806c4b3af19, type: 3}
      propertyPath: m_Name
      value: Floor_undamaged
      objectReference: {fileID: 0}
    - target: {fileID: 1208132141274160075, guid: 35087d24ed59ec24fb6dc806c4b3af19, type: 3}
      propertyPath: m_StaticEditorFlags
      value: 2147483647
      objectReference: {fileID: 0}
    - target: {fileID: 1986075772834578801, guid: 35087d24ed59ec24fb6dc806c4b3af19, type: 3}
      propertyPath: m_RootOrder
      value: 10
      objectReference: {fileID: 0}
    - target: {fileID: 1986075772834578801, guid: 35087d24ed59ec24fb6dc806c4b3af19, type: 3}
      propertyPath: m_LocalPosition.x
      value: -0.20000076
      objectReference: {fileID: 0}
    - target: {fileID: 1986075772834578801, guid: 35087d24ed59ec24fb6dc806c4b3af19, type: 3}
      propertyPath: m_LocalPosition.y
      value: -0
      objectReference: {fileID: 0}
    - target: {fileID: 1986075772834578801, guid: 35087d24ed59ec24fb6dc806c4b3af19, type: 3}
      propertyPath: m_LocalPosition.z
      value: -12.700005
      objectReference: {fileID: 0}
    - target: {fileID: 1986075772834578801, guid: 35087d24ed59ec24fb6dc806c4b3af19, type: 3}
      propertyPath: m_LocalRotation.w
      value: 0.7071068
      objectReference: {fileID: 0}
    - target: {fileID: 1986075772834578801, guid: 35087d24ed59ec24fb6dc806c4b3af19, type: 3}
      propertyPath: m_LocalRotation.x
      value: -0
      objectReference: {fileID: 0}
    - target: {fileID: 1986075772834578801, guid: 35087d24ed59ec24fb6dc806c4b3af19, type: 3}
      propertyPath: m_LocalRotation.y
      value: 0.7071068
      objectReference: {fileID: 0}
    - target: {fileID: 1986075772834578801, guid: 35087d24ed59ec24fb6dc806c4b3af19, type: 3}
      propertyPath: m_LocalRotation.z
      value: -0
      objectReference: {fileID: 0}
    - target: {fileID: 1986075772834578801, guid: 35087d24ed59ec24fb6dc806c4b3af19, type: 3}
      propertyPath: m_LocalEulerAnglesHint.x
      value: 0
      objectReference: {fileID: 0}
    - target: {fileID: 1986075772834578801, guid: 35087d24ed59ec24fb6dc806c4b3af19, type: 3}
      propertyPath: m_LocalEulerAnglesHint.y
      value: 90
      objectReference: {fileID: 0}
    - target: {fileID: 1986075772834578801, guid: 35087d24ed59ec24fb6dc806c4b3af19, type: 3}
      propertyPath: m_LocalEulerAnglesHint.z
      value: 0
      objectReference: {fileID: 0}
    - target: {fileID: 7875087280535479058, guid: 35087d24ed59ec24fb6dc806c4b3af19, type: 3}
      propertyPath: m_StaticEditorFlags
      value: 2147483647
      objectReference: {fileID: 0}
    m_RemovedComponents: []
  m_SourcePrefab: {fileID: 100100000, guid: 35087d24ed59ec24fb6dc806c4b3af19, type: 3}
--- !u!4 &403286920034101861 stripped
Transform:
  m_CorrespondingSourceObject: {fileID: 1986075772834578801, guid: 35087d24ed59ec24fb6dc806c4b3af19, type: 3}
  m_PrefabInstance: {fileID: 2168261349612792596}
  m_PrefabAsset: {fileID: 0}
--- !u!1001 &2168261349642900267
PrefabInstance:
  m_ObjectHideFlags: 0
  serializedVersion: 2
  m_Modification:
    m_TransformParent: {fileID: 2168261350976758354}
    m_Modifications:
    - target: {fileID: 3627064478267046236, guid: d1ee2705dd8a81f47a4c67ec1a75aee6, type: 3}
      propertyPath: m_StaticEditorFlags
      value: 2147483647
      objectReference: {fileID: 0}
    - target: {fileID: 4941557794191465279, guid: d1ee2705dd8a81f47a4c67ec1a75aee6, type: 3}
      propertyPath: m_RootOrder
      value: 0
      objectReference: {fileID: 0}
    - target: {fileID: 4941557794191465279, guid: d1ee2705dd8a81f47a4c67ec1a75aee6, type: 3}
      propertyPath: m_LocalPosition.x
      value: -12.600002
      objectReference: {fileID: 0}
    - target: {fileID: 4941557794191465279, guid: d1ee2705dd8a81f47a4c67ec1a75aee6, type: 3}
      propertyPath: m_LocalPosition.y
      value: 0
      objectReference: {fileID: 0}
    - target: {fileID: 4941557794191465279, guid: d1ee2705dd8a81f47a4c67ec1a75aee6, type: 3}
      propertyPath: m_LocalPosition.z
      value: 12.899979
      objectReference: {fileID: 0}
    - target: {fileID: 4941557794191465279, guid: d1ee2705dd8a81f47a4c67ec1a75aee6, type: 3}
      propertyPath: m_LocalRotation.w
      value: 0.7071068
      objectReference: {fileID: 0}
    - target: {fileID: 4941557794191465279, guid: d1ee2705dd8a81f47a4c67ec1a75aee6, type: 3}
      propertyPath: m_LocalRotation.x
      value: -0
      objectReference: {fileID: 0}
    - target: {fileID: 4941557794191465279, guid: d1ee2705dd8a81f47a4c67ec1a75aee6, type: 3}
      propertyPath: m_LocalRotation.y
      value: 0.7071068
      objectReference: {fileID: 0}
    - target: {fileID: 4941557794191465279, guid: d1ee2705dd8a81f47a4c67ec1a75aee6, type: 3}
      propertyPath: m_LocalRotation.z
      value: -0
      objectReference: {fileID: 0}
    - target: {fileID: 4941557794191465279, guid: d1ee2705dd8a81f47a4c67ec1a75aee6, type: 3}
      propertyPath: m_LocalEulerAnglesHint.x
      value: 0
      objectReference: {fileID: 0}
    - target: {fileID: 4941557794191465279, guid: d1ee2705dd8a81f47a4c67ec1a75aee6, type: 3}
      propertyPath: m_LocalEulerAnglesHint.y
      value: 90
      objectReference: {fileID: 0}
    - target: {fileID: 4941557794191465279, guid: d1ee2705dd8a81f47a4c67ec1a75aee6, type: 3}
      propertyPath: m_LocalEulerAnglesHint.z
      value: 0
      objectReference: {fileID: 0}
    - target: {fileID: 5753383765336916357, guid: d1ee2705dd8a81f47a4c67ec1a75aee6, type: 3}
      propertyPath: m_Name
      value: Room_Side_Front
      objectReference: {fileID: 0}
    - target: {fileID: 5753383765336916357, guid: d1ee2705dd8a81f47a4c67ec1a75aee6, type: 3}
      propertyPath: m_StaticEditorFlags
      value: 2147483647
      objectReference: {fileID: 0}
    m_RemovedComponents: []
  m_SourcePrefab: {fileID: 100100000, guid: d1ee2705dd8a81f47a4c67ec1a75aee6, type: 3}
--- !u!4 &6522556501351254036 stripped
Transform:
  m_CorrespondingSourceObject: {fileID: 4941557794191465279, guid: d1ee2705dd8a81f47a4c67ec1a75aee6, type: 3}
  m_PrefabInstance: {fileID: 2168261349642900267}
  m_PrefabAsset: {fileID: 0}
--- !u!1001 &2168261349684365999
PrefabInstance:
  m_ObjectHideFlags: 0
  serializedVersion: 2
  m_Modification:
    m_TransformParent: {fileID: 2168261350976758354}
    m_Modifications:
    - target: {fileID: 815258901056595759, guid: aca97f2a996c6c647ad53609d8fe9e73, type: 3}
      propertyPath: m_StaticEditorFlags
      value: 2147483647
      objectReference: {fileID: 0}
    - target: {fileID: 815258901092228758, guid: aca97f2a996c6c647ad53609d8fe9e73, type: 3}
      propertyPath: m_StaticEditorFlags
      value: 2147483647
      objectReference: {fileID: 0}
    - target: {fileID: 815258901142100941, guid: aca97f2a996c6c647ad53609d8fe9e73, type: 3}
      propertyPath: m_StaticEditorFlags
      value: 2147483647
      objectReference: {fileID: 0}
    - target: {fileID: 815258901647936891, guid: aca97f2a996c6c647ad53609d8fe9e73, type: 3}
      propertyPath: m_StaticEditorFlags
      value: 2147483647
      objectReference: {fileID: 0}
    - target: {fileID: 815258901713177578, guid: aca97f2a996c6c647ad53609d8fe9e73, type: 3}
      propertyPath: m_StaticEditorFlags
      value: 2147483647
      objectReference: {fileID: 0}
    - target: {fileID: 815258901853155531, guid: aca97f2a996c6c647ad53609d8fe9e73, type: 3}
      propertyPath: m_StaticEditorFlags
      value: 2147483647
      objectReference: {fileID: 0}
    - target: {fileID: 815258902084752270, guid: aca97f2a996c6c647ad53609d8fe9e73, type: 3}
      propertyPath: m_StaticEditorFlags
      value: 2147483647
      objectReference: {fileID: 0}
    - target: {fileID: 815258902260870361, guid: aca97f2a996c6c647ad53609d8fe9e73, type: 3}
      propertyPath: m_StaticEditorFlags
      value: 2147483647
      objectReference: {fileID: 0}
    - target: {fileID: 815258902340876647, guid: aca97f2a996c6c647ad53609d8fe9e73, type: 3}
      propertyPath: m_StaticEditorFlags
      value: 2147483647
      objectReference: {fileID: 0}
    - target: {fileID: 2149104983537972784, guid: aca97f2a996c6c647ad53609d8fe9e73, type: 3}
      propertyPath: m_RootOrder
      value: 12
      objectReference: {fileID: 0}
    - target: {fileID: 2149104983537972784, guid: aca97f2a996c6c647ad53609d8fe9e73, type: 3}
      propertyPath: m_LocalPosition.x
      value: -218.24176
      objectReference: {fileID: 0}
    - target: {fileID: 2149104983537972784, guid: aca97f2a996c6c647ad53609d8fe9e73, type: 3}
      propertyPath: m_LocalPosition.y
      value: -63.428837
      objectReference: {fileID: 0}
    - target: {fileID: 2149104983537972784, guid: aca97f2a996c6c647ad53609d8fe9e73, type: 3}
      propertyPath: m_LocalPosition.z
      value: 27.738358
      objectReference: {fileID: 0}
    - target: {fileID: 2149104983537972784, guid: aca97f2a996c6c647ad53609d8fe9e73, type: 3}
      propertyPath: m_LocalRotation.w
      value: 1
      objectReference: {fileID: 0}
    - target: {fileID: 2149104983537972784, guid: aca97f2a996c6c647ad53609d8fe9e73, type: 3}
      propertyPath: m_LocalRotation.x
      value: -0
      objectReference: {fileID: 0}
    - target: {fileID: 2149104983537972784, guid: aca97f2a996c6c647ad53609d8fe9e73, type: 3}
      propertyPath: m_LocalRotation.y
      value: -0
      objectReference: {fileID: 0}
    - target: {fileID: 2149104983537972784, guid: aca97f2a996c6c647ad53609d8fe9e73, type: 3}
      propertyPath: m_LocalRotation.z
      value: -0
      objectReference: {fileID: 0}
    - target: {fileID: 2149104983537972784, guid: aca97f2a996c6c647ad53609d8fe9e73, type: 3}
      propertyPath: m_LocalEulerAnglesHint.x
      value: 0
      objectReference: {fileID: 0}
    - target: {fileID: 2149104983537972784, guid: aca97f2a996c6c647ad53609d8fe9e73, type: 3}
      propertyPath: m_LocalEulerAnglesHint.y
      value: 0
      objectReference: {fileID: 0}
    - target: {fileID: 2149104983537972784, guid: aca97f2a996c6c647ad53609d8fe9e73, type: 3}
      propertyPath: m_LocalEulerAnglesHint.z
      value: 0
      objectReference: {fileID: 0}
    - target: {fileID: 2149104983537972785, guid: aca97f2a996c6c647ad53609d8fe9e73, type: 3}
      propertyPath: m_Name
      value: Ceiling_3_x_3 (3)
      objectReference: {fileID: 0}
    - target: {fileID: 2149104983537972785, guid: aca97f2a996c6c647ad53609d8fe9e73, type: 3}
      propertyPath: m_StaticEditorFlags
      value: 2147483647
      objectReference: {fileID: 0}
    - target: {fileID: 8565189286453692434, guid: aca97f2a996c6c647ad53609d8fe9e73, type: 3}
      propertyPath: m_StaticEditorFlags
      value: 2147483647
      objectReference: {fileID: 0}
    - target: {fileID: 8565189286525154722, guid: aca97f2a996c6c647ad53609d8fe9e73, type: 3}
      propertyPath: m_StaticEditorFlags
      value: 2147483647
      objectReference: {fileID: 0}
    - target: {fileID: 8565189286594720563, guid: aca97f2a996c6c647ad53609d8fe9e73, type: 3}
      propertyPath: m_StaticEditorFlags
      value: 2147483647
      objectReference: {fileID: 0}
    - target: {fileID: 8565189286693956439, guid: aca97f2a996c6c647ad53609d8fe9e73, type: 3}
      propertyPath: m_StaticEditorFlags
      value: 2147483647
      objectReference: {fileID: 0}
    - target: {fileID: 8565189286971031998, guid: aca97f2a996c6c647ad53609d8fe9e73, type: 3}
      propertyPath: m_StaticEditorFlags
      value: 2147483647
      objectReference: {fileID: 0}
    - target: {fileID: 8565189287121294336, guid: aca97f2a996c6c647ad53609d8fe9e73, type: 3}
      propertyPath: m_StaticEditorFlags
      value: 2147483647
      objectReference: {fileID: 0}
    - target: {fileID: 8565189287788109814, guid: aca97f2a996c6c647ad53609d8fe9e73, type: 3}
      propertyPath: m_StaticEditorFlags
      value: 2147483647
      objectReference: {fileID: 0}
    - target: {fileID: 8565189287819126351, guid: aca97f2a996c6c647ad53609d8fe9e73, type: 3}
      propertyPath: m_StaticEditorFlags
      value: 2147483647
      objectReference: {fileID: 0}
    - target: {fileID: 8565189288171381524, guid: aca97f2a996c6c647ad53609d8fe9e73, type: 3}
      propertyPath: m_StaticEditorFlags
      value: 2147483647
      objectReference: {fileID: 0}
    m_RemovedComponents: []
  m_SourcePrefab: {fileID: 100100000, guid: aca97f2a996c6c647ad53609d8fe9e73, type: 3}
--- !u!4 &271361313096613023 stripped
Transform:
  m_CorrespondingSourceObject: {fileID: 2149104983537972784, guid: aca97f2a996c6c647ad53609d8fe9e73, type: 3}
  m_PrefabInstance: {fileID: 2168261349684365999}
  m_PrefabAsset: {fileID: 0}
--- !u!1001 &2168261349701542565
PrefabInstance:
  m_ObjectHideFlags: 0
  serializedVersion: 2
  m_Modification:
    m_TransformParent: {fileID: 2168261350976758354}
    m_Modifications:
    - target: {fileID: 2445610151231412777, guid: a74c060c0ae26c24394f46264bafcf90, type: 3}
      propertyPath: m_RootOrder
      value: 3
      objectReference: {fileID: 0}
    - target: {fileID: 2445610151231412777, guid: a74c060c0ae26c24394f46264bafcf90, type: 3}
      propertyPath: m_LocalPosition.x
      value: -25.400005
      objectReference: {fileID: 0}
    - target: {fileID: 2445610151231412777, guid: a74c060c0ae26c24394f46264bafcf90, type: 3}
      propertyPath: m_LocalPosition.y
      value: 0
      objectReference: {fileID: 0}
    - target: {fileID: 2445610151231412777, guid: a74c060c0ae26c24394f46264bafcf90, type: 3}
      propertyPath: m_LocalPosition.z
      value: -12.700012
      objectReference: {fileID: 0}
    - target: {fileID: 2445610151231412777, guid: a74c060c0ae26c24394f46264bafcf90, type: 3}
      propertyPath: m_LocalRotation.w
      value: 1
      objectReference: {fileID: 0}
    - target: {fileID: 2445610151231412777, guid: a74c060c0ae26c24394f46264bafcf90, type: 3}
      propertyPath: m_LocalRotation.x
      value: -0
      objectReference: {fileID: 0}
    - target: {fileID: 2445610151231412777, guid: a74c060c0ae26c24394f46264bafcf90, type: 3}
      propertyPath: m_LocalRotation.y
      value: -0
      objectReference: {fileID: 0}
    - target: {fileID: 2445610151231412777, guid: a74c060c0ae26c24394f46264bafcf90, type: 3}
      propertyPath: m_LocalRotation.z
      value: -0
      objectReference: {fileID: 0}
    - target: {fileID: 2445610151231412777, guid: a74c060c0ae26c24394f46264bafcf90, type: 3}
      propertyPath: m_LocalEulerAnglesHint.x
      value: 0
      objectReference: {fileID: 0}
    - target: {fileID: 2445610151231412777, guid: a74c060c0ae26c24394f46264bafcf90, type: 3}
      propertyPath: m_LocalEulerAnglesHint.y
      value: 0
      objectReference: {fileID: 0}
    - target: {fileID: 2445610151231412777, guid: a74c060c0ae26c24394f46264bafcf90, type: 3}
      propertyPath: m_LocalEulerAnglesHint.z
      value: 0
      objectReference: {fileID: 0}
    - target: {fileID: 3079157940612792467, guid: a74c060c0ae26c24394f46264bafcf90, type: 3}
      propertyPath: m_Name
      value: Room_Side_Left
      objectReference: {fileID: 0}
    - target: {fileID: 3079157940612792467, guid: a74c060c0ae26c24394f46264bafcf90, type: 3}
      propertyPath: m_StaticEditorFlags
      value: 2147483647
      objectReference: {fileID: 0}
    - target: {fileID: 6284375486305925194, guid: a74c060c0ae26c24394f46264bafcf90, type: 3}
      propertyPath: m_StaticEditorFlags
      value: 2147483647
      objectReference: {fileID: 0}
    m_RemovedComponents: []
  m_SourcePrefab: {fileID: 100100000, guid: a74c060c0ae26c24394f46264bafcf90, type: 3}
--- !u!4 &4604855079270856844 stripped
Transform:
  m_CorrespondingSourceObject: {fileID: 2445610151231412777, guid: a74c060c0ae26c24394f46264bafcf90, type: 3}
  m_PrefabInstance: {fileID: 2168261349701542565}
  m_PrefabAsset: {fileID: 0}
--- !u!1001 &2168261349704791288
PrefabInstance:
  m_ObjectHideFlags: 0
  serializedVersion: 2
  m_Modification:
    m_TransformParent: {fileID: 2168261350976758354}
    m_Modifications:
    - target: {fileID: 286148860682561596, guid: df99fee254d06844b9ffbedda30537b3, type: 3}
      propertyPath: m_Name
      value: Room_Corner_right_front
      objectReference: {fileID: 0}
    - target: {fileID: 286148860682561596, guid: df99fee254d06844b9ffbedda30537b3, type: 3}
      propertyPath: m_StaticEditorFlags
      value: 2147483647
      objectReference: {fileID: 0}
    - target: {fileID: 286148860682561597, guid: df99fee254d06844b9ffbedda30537b3, type: 3}
      propertyPath: m_RootOrder
      value: 8
      objectReference: {fileID: 0}
    - target: {fileID: 286148860682561597, guid: df99fee254d06844b9ffbedda30537b3, type: 3}
      propertyPath: m_LocalPosition.x
      value: 0
      objectReference: {fileID: 0}
    - target: {fileID: 286148860682561597, guid: df99fee254d06844b9ffbedda30537b3, type: 3}
      propertyPath: m_LocalPosition.y
      value: 0
      objectReference: {fileID: 0}
    - target: {fileID: 286148860682561597, guid: df99fee254d06844b9ffbedda30537b3, type: 3}
      propertyPath: m_LocalPosition.z
      value: 12.800003
      objectReference: {fileID: 0}
    - target: {fileID: 286148860682561597, guid: df99fee254d06844b9ffbedda30537b3, type: 3}
      propertyPath: m_LocalRotation.w
      value: 0.7071068
      objectReference: {fileID: 0}
    - target: {fileID: 286148860682561597, guid: df99fee254d06844b9ffbedda30537b3, type: 3}
      propertyPath: m_LocalRotation.x
      value: -0
      objectReference: {fileID: 0}
    - target: {fileID: 286148860682561597, guid: df99fee254d06844b9ffbedda30537b3, type: 3}
      propertyPath: m_LocalRotation.y
      value: 0.7071068
      objectReference: {fileID: 0}
    - target: {fileID: 286148860682561597, guid: df99fee254d06844b9ffbedda30537b3, type: 3}
      propertyPath: m_LocalRotation.z
      value: -0
      objectReference: {fileID: 0}
    - target: {fileID: 286148860682561597, guid: df99fee254d06844b9ffbedda30537b3, type: 3}
      propertyPath: m_LocalEulerAnglesHint.x
      value: 0
      objectReference: {fileID: 0}
    - target: {fileID: 286148860682561597, guid: df99fee254d06844b9ffbedda30537b3, type: 3}
      propertyPath: m_LocalEulerAnglesHint.y
      value: 0
      objectReference: {fileID: 0}
    - target: {fileID: 286148860682561597, guid: df99fee254d06844b9ffbedda30537b3, type: 3}
      propertyPath: m_LocalEulerAnglesHint.z
      value: 0
      objectReference: {fileID: 0}
    - target: {fileID: 286148860876140573, guid: df99fee254d06844b9ffbedda30537b3, type: 3}
      propertyPath: m_StaticEditorFlags
      value: 2147483647
      objectReference: {fileID: 0}
    m_RemovedComponents: []
  m_SourcePrefab: {fileID: 100100000, guid: df99fee254d06844b9ffbedda30537b3, type: 3}
--- !u!4 &2157132870785768645 stripped
Transform:
  m_CorrespondingSourceObject: {fileID: 286148860682561597, guid: df99fee254d06844b9ffbedda30537b3, type: 3}
  m_PrefabInstance: {fileID: 2168261349704791288}
  m_PrefabAsset: {fileID: 0}
--- !u!1001 &2168261349753250627
PrefabInstance:
  m_ObjectHideFlags: 0
  serializedVersion: 2
  m_Modification:
    m_TransformParent: {fileID: 2168261350976758354}
    m_Modifications:
    - target: {fileID: 8217686501960628887, guid: 496803066c69ddb4e999351e323507c0, type: 3}
      propertyPath: m_StaticEditorFlags
      value: 2147483647
      objectReference: {fileID: 0}
    - target: {fileID: 8217686503440498482, guid: 496803066c69ddb4e999351e323507c0, type: 3}
      propertyPath: m_RootOrder
      value: 5
      objectReference: {fileID: 0}
    - target: {fileID: 8217686503440498482, guid: 496803066c69ddb4e999351e323507c0, type: 3}
      propertyPath: m_LocalPosition.x
      value: -25.400005
      objectReference: {fileID: 0}
    - target: {fileID: 8217686503440498482, guid: 496803066c69ddb4e999351e323507c0, type: 3}
      propertyPath: m_LocalPosition.y
      value: 0
      objectReference: {fileID: 0}
    - target: {fileID: 8217686503440498482, guid: 496803066c69ddb4e999351e323507c0, type: 3}
      propertyPath: m_LocalPosition.z
      value: 12.899979
      objectReference: {fileID: 0}
    - target: {fileID: 8217686503440498482, guid: 496803066c69ddb4e999351e323507c0, type: 3}
      propertyPath: m_LocalRotation.w
      value: 1
      objectReference: {fileID: 0}
    - target: {fileID: 8217686503440498482, guid: 496803066c69ddb4e999351e323507c0, type: 3}
      propertyPath: m_LocalRotation.x
      value: -0
      objectReference: {fileID: 0}
    - target: {fileID: 8217686503440498482, guid: 496803066c69ddb4e999351e323507c0, type: 3}
      propertyPath: m_LocalRotation.y
      value: -0
      objectReference: {fileID: 0}
    - target: {fileID: 8217686503440498482, guid: 496803066c69ddb4e999351e323507c0, type: 3}
      propertyPath: m_LocalRotation.z
      value: -0
      objectReference: {fileID: 0}
    - target: {fileID: 8217686503440498482, guid: 496803066c69ddb4e999351e323507c0, type: 3}
      propertyPath: m_LocalEulerAnglesHint.x
      value: 0
      objectReference: {fileID: 0}
    - target: {fileID: 8217686503440498482, guid: 496803066c69ddb4e999351e323507c0, type: 3}
      propertyPath: m_LocalEulerAnglesHint.y
      value: 0
      objectReference: {fileID: 0}
    - target: {fileID: 8217686503440498482, guid: 496803066c69ddb4e999351e323507c0, type: 3}
      propertyPath: m_LocalEulerAnglesHint.z
      value: 0
      objectReference: {fileID: 0}
    - target: {fileID: 8217686503440498483, guid: 496803066c69ddb4e999351e323507c0, type: 3}
      propertyPath: m_Name
      value: Room_Corner_left_front
      objectReference: {fileID: 0}
    - target: {fileID: 8217686503440498483, guid: 496803066c69ddb4e999351e323507c0, type: 3}
      propertyPath: m_StaticEditorFlags
      value: 2147483647
      objectReference: {fileID: 0}
    m_RemovedComponents: []
  m_SourcePrefab: {fileID: 100100000, guid: 496803066c69ddb4e999351e323507c0, type: 3}
--- !u!4 &7790137053699103857 stripped
Transform:
  m_CorrespondingSourceObject: {fileID: 8217686503440498482, guid: 496803066c69ddb4e999351e323507c0, type: 3}
  m_PrefabInstance: {fileID: 2168261349753250627}
  m_PrefabAsset: {fileID: 0}
--- !u!1001 &2168261349981019085
PrefabInstance:
  m_ObjectHideFlags: 0
  serializedVersion: 2
  m_Modification:
    m_TransformParent: {fileID: 2168261350976758354}
    m_Modifications:
    - target: {fileID: 8090039114357258809, guid: 36debda1121ecb8499682bcf3847513f, type: 3}
      propertyPath: m_Name
      value: small_torch (2)
      objectReference: {fileID: 0}
    - target: {fileID: 8867102896369950851, guid: 36debda1121ecb8499682bcf3847513f, type: 3}
      propertyPath: m_RootOrder
      value: 16
      objectReference: {fileID: 0}
    - target: {fileID: 8867102896369950851, guid: 36debda1121ecb8499682bcf3847513f, type: 3}
      propertyPath: m_LocalPosition.x
      value: -31.275032
      objectReference: {fileID: 0}
    - target: {fileID: 8867102896369950851, guid: 36debda1121ecb8499682bcf3847513f, type: 3}
      propertyPath: m_LocalPosition.y
      value: 7.6799965
      objectReference: {fileID: 0}
    - target: {fileID: 8867102896369950851, guid: 36debda1121ecb8499682bcf3847513f, type: 3}
      propertyPath: m_LocalPosition.z
      value: -10.585037
      objectReference: {fileID: 0}
    - target: {fileID: 8867102896369950851, guid: 36debda1121ecb8499682bcf3847513f, type: 3}
      propertyPath: m_LocalRotation.w
      value: 1
      objectReference: {fileID: 0}
    - target: {fileID: 8867102896369950851, guid: 36debda1121ecb8499682bcf3847513f, type: 3}
      propertyPath: m_LocalRotation.x
      value: -0
      objectReference: {fileID: 0}
    - target: {fileID: 8867102896369950851, guid: 36debda1121ecb8499682bcf3847513f, type: 3}
      propertyPath: m_LocalRotation.y
      value: -0
      objectReference: {fileID: 0}
    - target: {fileID: 8867102896369950851, guid: 36debda1121ecb8499682bcf3847513f, type: 3}
      propertyPath: m_LocalRotation.z
      value: -0
      objectReference: {fileID: 0}
    - target: {fileID: 8867102896369950851, guid: 36debda1121ecb8499682bcf3847513f, type: 3}
      propertyPath: m_LocalEulerAnglesHint.x
      value: 0
      objectReference: {fileID: 0}
    - target: {fileID: 8867102896369950851, guid: 36debda1121ecb8499682bcf3847513f, type: 3}
      propertyPath: m_LocalEulerAnglesHint.y
      value: 0
      objectReference: {fileID: 0}
    - target: {fileID: 8867102896369950851, guid: 36debda1121ecb8499682bcf3847513f, type: 3}
      propertyPath: m_LocalEulerAnglesHint.z
      value: 0
      objectReference: {fileID: 0}
    m_RemovedComponents: []
  m_SourcePrefab: {fileID: 100100000, guid: 36debda1121ecb8499682bcf3847513f, type: 3}
--- !u!4 &7284978319146367822 stripped
Transform:
  m_CorrespondingSourceObject: {fileID: 8867102896369950851, guid: 36debda1121ecb8499682bcf3847513f, type: 3}
  m_PrefabInstance: {fileID: 2168261349981019085}
  m_PrefabAsset: {fileID: 0}
--- !u!1001 &2168261350249985267
PrefabInstance:
  m_ObjectHideFlags: 0
  serializedVersion: 2
  m_Modification:
    m_TransformParent: {fileID: 2168261350976758354}
    m_Modifications:
    - target: {fileID: 1026576659517774476, guid: 20efaa0d21d8dec4faaeab1352fd7e48, type: 3}
      propertyPath: m_StaticEditorFlags
      value: 2147483647
      objectReference: {fileID: 0}
    - target: {fileID: 1026576659842323062, guid: 20efaa0d21d8dec4faaeab1352fd7e48, type: 3}
      propertyPath: m_RootOrder
      value: 6
      objectReference: {fileID: 0}
    - target: {fileID: 1026576659842323062, guid: 20efaa0d21d8dec4faaeab1352fd7e48, type: 3}
      propertyPath: m_LocalPosition.x
      value: -25.400005
      objectReference: {fileID: 0}
    - target: {fileID: 1026576659842323062, guid: 20efaa0d21d8dec4faaeab1352fd7e48, type: 3}
      propertyPath: m_LocalPosition.y
      value: 0
      objectReference: {fileID: 0}
    - target: {fileID: 1026576659842323062, guid: 20efaa0d21d8dec4faaeab1352fd7e48, type: 3}
      propertyPath: m_LocalPosition.z
      value: -25.500015
      objectReference: {fileID: 0}
    - target: {fileID: 1026576659842323062, guid: 20efaa0d21d8dec4faaeab1352fd7e48, type: 3}
      propertyPath: m_LocalRotation.w
      value: -0.7071068
      objectReference: {fileID: 0}
    - target: {fileID: 1026576659842323062, guid: 20efaa0d21d8dec4faaeab1352fd7e48, type: 3}
      propertyPath: m_LocalRotation.x
      value: 0
      objectReference: {fileID: 0}
    - target: {fileID: 1026576659842323062, guid: 20efaa0d21d8dec4faaeab1352fd7e48, type: 3}
      propertyPath: m_LocalRotation.y
      value: 0.7071068
      objectReference: {fileID: 0}
    - target: {fileID: 1026576659842323062, guid: 20efaa0d21d8dec4faaeab1352fd7e48, type: 3}
      propertyPath: m_LocalRotation.z
      value: -0
      objectReference: {fileID: 0}
    - target: {fileID: 1026576659842323062, guid: 20efaa0d21d8dec4faaeab1352fd7e48, type: 3}
      propertyPath: m_LocalEulerAnglesHint.x
      value: 0
      objectReference: {fileID: 0}
    - target: {fileID: 1026576659842323062, guid: 20efaa0d21d8dec4faaeab1352fd7e48, type: 3}
      propertyPath: m_LocalEulerAnglesHint.y
      value: 0
      objectReference: {fileID: 0}
    - target: {fileID: 1026576659842323062, guid: 20efaa0d21d8dec4faaeab1352fd7e48, type: 3}
      propertyPath: m_LocalEulerAnglesHint.z
      value: 0
      objectReference: {fileID: 0}
    - target: {fileID: 1026576659842323063, guid: 20efaa0d21d8dec4faaeab1352fd7e48, type: 3}
      propertyPath: m_Name
      value: Room_Corner_left_back
      objectReference: {fileID: 0}
    - target: {fileID: 1026576659842323063, guid: 20efaa0d21d8dec4faaeab1352fd7e48, type: 3}
      propertyPath: m_StaticEditorFlags
      value: 2147483647
      objectReference: {fileID: 0}
    m_RemovedComponents: []
  m_SourcePrefab: {fileID: 100100000, guid: 20efaa0d21d8dec4faaeab1352fd7e48, type: 3}
--- !u!4 &1164202758874605189 stripped
Transform:
  m_CorrespondingSourceObject: {fileID: 1026576659842323062, guid: 20efaa0d21d8dec4faaeab1352fd7e48, type: 3}
  m_PrefabInstance: {fileID: 2168261350249985267}
  m_PrefabAsset: {fileID: 0}
--- !u!1001 &2168261350484862016
PrefabInstance:
  m_ObjectHideFlags: 0
  serializedVersion: 2
  m_Modification:
    m_TransformParent: {fileID: 2168261350976758354}
    m_Modifications:
    - target: {fileID: 1247513497121399453, guid: 442b9eb3bd1ef534daecb3091ea6ee8c, type: 3}
      propertyPath: m_StaticEditorFlags
      value: 2147483647
      objectReference: {fileID: 0}
    - target: {fileID: 1247513497680857425, guid: 442b9eb3bd1ef534daecb3091ea6ee8c, type: 3}
      propertyPath: m_StaticEditorFlags
      value: 2147483647
      objectReference: {fileID: 0}
    - target: {fileID: 1247513498538836381, guid: 442b9eb3bd1ef534daecb3091ea6ee8c, type: 3}
      propertyPath: m_StaticEditorFlags
      value: 2147483647
      objectReference: {fileID: 0}
    - target: {fileID: 1258087319032690617, guid: 442b9eb3bd1ef534daecb3091ea6ee8c, type: 3}
      propertyPath: m_Name
      value: Ceiling_3_x_1 (4)
      objectReference: {fileID: 0}
    - target: {fileID: 1258087319032690617, guid: 442b9eb3bd1ef534daecb3091ea6ee8c, type: 3}
      propertyPath: m_StaticEditorFlags
      value: 2147483647
      objectReference: {fileID: 0}
    - target: {fileID: 4964235718790693376, guid: 442b9eb3bd1ef534daecb3091ea6ee8c, type: 3}
      propertyPath: m_RootOrder
      value: 13
      objectReference: {fileID: 0}
    - target: {fileID: 4964235718790693376, guid: 442b9eb3bd1ef534daecb3091ea6ee8c, type: 3}
      propertyPath: m_LocalPosition.x
      value: 0.12499237
      objectReference: {fileID: 0}
    - target: {fileID: 4964235718790693376, guid: 442b9eb3bd1ef534daecb3091ea6ee8c, type: 3}
      propertyPath: m_LocalPosition.y
      value: 12.725004
      objectReference: {fileID: 0}
    - target: {fileID: 4964235718790693376, guid: 442b9eb3bd1ef534daecb3091ea6ee8c, type: 3}
      propertyPath: m_LocalPosition.z
      value: 12.625
      objectReference: {fileID: 0}
    - target: {fileID: 4964235718790693376, guid: 442b9eb3bd1ef534daecb3091ea6ee8c, type: 3}
      propertyPath: m_LocalRotation.w
      value: 0.7071068
      objectReference: {fileID: 0}
    - target: {fileID: 4964235718790693376, guid: 442b9eb3bd1ef534daecb3091ea6ee8c, type: 3}
      propertyPath: m_LocalRotation.x
      value: -0
      objectReference: {fileID: 0}
    - target: {fileID: 4964235718790693376, guid: 442b9eb3bd1ef534daecb3091ea6ee8c, type: 3}
      propertyPath: m_LocalRotation.y
      value: 0.7071068
      objectReference: {fileID: 0}
    - target: {fileID: 4964235718790693376, guid: 442b9eb3bd1ef534daecb3091ea6ee8c, type: 3}
      propertyPath: m_LocalRotation.z
      value: -0
      objectReference: {fileID: 0}
    - target: {fileID: 4964235718790693376, guid: 442b9eb3bd1ef534daecb3091ea6ee8c, type: 3}
      propertyPath: m_LocalEulerAnglesHint.x
      value: 0
      objectReference: {fileID: 0}
    - target: {fileID: 4964235718790693376, guid: 442b9eb3bd1ef534daecb3091ea6ee8c, type: 3}
      propertyPath: m_LocalEulerAnglesHint.y
      value: 90
      objectReference: {fileID: 0}
    - target: {fileID: 4964235718790693376, guid: 442b9eb3bd1ef534daecb3091ea6ee8c, type: 3}
      propertyPath: m_LocalEulerAnglesHint.z
      value: 0
      objectReference: {fileID: 0}
    - target: {fileID: 7844642775324358980, guid: 442b9eb3bd1ef534daecb3091ea6ee8c, type: 3}
      propertyPath: m_StaticEditorFlags
      value: 2147483647
      objectReference: {fileID: 0}
    - target: {fileID: 7844642776071166532, guid: 442b9eb3bd1ef534daecb3091ea6ee8c, type: 3}
      propertyPath: m_StaticEditorFlags
      value: 2147483647
      objectReference: {fileID: 0}
    - target: {fileID: 7844642776584466824, guid: 442b9eb3bd1ef534daecb3091ea6ee8c, type: 3}
      propertyPath: m_StaticEditorFlags
      value: 2147483647
      objectReference: {fileID: 0}
    m_RemovedComponents: []
  m_SourcePrefab: {fileID: 100100000, guid: 442b9eb3bd1ef534daecb3091ea6ee8c, type: 3}
--- !u!4 &6553779934165771840 stripped
Transform:
  m_CorrespondingSourceObject: {fileID: 4964235718790693376, guid: 442b9eb3bd1ef534daecb3091ea6ee8c, type: 3}
  m_PrefabInstance: {fileID: 2168261350484862016}
  m_PrefabAsset: {fileID: 0}
--- !u!1001 &2168261350933675652
PrefabInstance:
  m_ObjectHideFlags: 0
  serializedVersion: 2
  m_Modification:
    m_TransformParent: {fileID: 2168261350976758354}
    m_Modifications:
    - target: {fileID: 8090039114357258809, guid: 36debda1121ecb8499682bcf3847513f, type: 3}
      propertyPath: m_Name
      value: small_torch (4)
      objectReference: {fileID: 0}
    - target: {fileID: 8867102896369950851, guid: 36debda1121ecb8499682bcf3847513f, type: 3}
      propertyPath: m_RootOrder
      value: 17
      objectReference: {fileID: 0}
    - target: {fileID: 8867102896369950851, guid: 36debda1121ecb8499682bcf3847513f, type: 3}
      propertyPath: m_LocalPosition.x
      value: 5.7074966
      objectReference: {fileID: 0}
    - target: {fileID: 8867102896369950851, guid: 36debda1121ecb8499682bcf3847513f, type: 3}
      propertyPath: m_LocalPosition.y
      value: 5.750004
      objectReference: {fileID: 0}
    - target: {fileID: 8867102896369950851, guid: 36debda1121ecb8499682bcf3847513f, type: 3}
      propertyPath: m_LocalPosition.z
      value: 2.8297882
      objectReference: {fileID: 0}
    - target: {fileID: 8867102896369950851, guid: 36debda1121ecb8499682bcf3847513f, type: 3}
      propertyPath: m_LocalRotation.w
      value: 0
      objectReference: {fileID: 0}
    - target: {fileID: 8867102896369950851, guid: 36debda1121ecb8499682bcf3847513f, type: 3}
      propertyPath: m_LocalRotation.x
      value: -0
      objectReference: {fileID: 0}
    - target: {fileID: 8867102896369950851, guid: 36debda1121ecb8499682bcf3847513f, type: 3}
      propertyPath: m_LocalRotation.y
      value: 1
      objectReference: {fileID: 0}
    - target: {fileID: 8867102896369950851, guid: 36debda1121ecb8499682bcf3847513f, type: 3}
      propertyPath: m_LocalRotation.z
      value: -0
      objectReference: {fileID: 0}
    - target: {fileID: 8867102896369950851, guid: 36debda1121ecb8499682bcf3847513f, type: 3}
      propertyPath: m_LocalEulerAnglesHint.x
      value: 0
      objectReference: {fileID: 0}
    - target: {fileID: 8867102896369950851, guid: 36debda1121ecb8499682bcf3847513f, type: 3}
      propertyPath: m_LocalEulerAnglesHint.y
      value: 180
      objectReference: {fileID: 0}
    - target: {fileID: 8867102896369950851, guid: 36debda1121ecb8499682bcf3847513f, type: 3}
      propertyPath: m_LocalEulerAnglesHint.z
      value: 0
      objectReference: {fileID: 0}
    m_RemovedComponents: []
  m_SourcePrefab: {fileID: 100100000, guid: 36debda1121ecb8499682bcf3847513f, type: 3}
--- !u!4 &7284978320107363847 stripped
Transform:
  m_CorrespondingSourceObject: {fileID: 8867102896369950851, guid: 36debda1121ecb8499682bcf3847513f, type: 3}
  m_PrefabInstance: {fileID: 2168261350933675652}
  m_PrefabAsset: {fileID: 0}
--- !u!1001 &2168261351111986895
PrefabInstance:
  m_ObjectHideFlags: 0
  serializedVersion: 2
  m_Modification:
    m_TransformParent: {fileID: 2168261350976758354}
    m_Modifications:
    - target: {fileID: 2445610151231412777, guid: a74c060c0ae26c24394f46264bafcf90, type: 3}
      propertyPath: m_RootOrder
      value: 2
      objectReference: {fileID: 0}
    - target: {fileID: 2445610151231412777, guid: a74c060c0ae26c24394f46264bafcf90, type: 3}
      propertyPath: m_LocalPosition.x
      value: -25.400005
      objectReference: {fileID: 0}
    - target: {fileID: 2445610151231412777, guid: a74c060c0ae26c24394f46264bafcf90, type: 3}
      propertyPath: m_LocalPosition.y
      value: 0
      objectReference: {fileID: 0}
    - target: {fileID: 2445610151231412777, guid: a74c060c0ae26c24394f46264bafcf90, type: 3}
      propertyPath: m_LocalPosition.z
      value: 0.099990845
      objectReference: {fileID: 0}
    - target: {fileID: 2445610151231412777, guid: a74c060c0ae26c24394f46264bafcf90, type: 3}
      propertyPath: m_LocalRotation.w
      value: 1
      objectReference: {fileID: 0}
    - target: {fileID: 2445610151231412777, guid: a74c060c0ae26c24394f46264bafcf90, type: 3}
      propertyPath: m_LocalRotation.x
      value: -0
      objectReference: {fileID: 0}
    - target: {fileID: 2445610151231412777, guid: a74c060c0ae26c24394f46264bafcf90, type: 3}
      propertyPath: m_LocalRotation.y
      value: -0
      objectReference: {fileID: 0}
    - target: {fileID: 2445610151231412777, guid: a74c060c0ae26c24394f46264bafcf90, type: 3}
      propertyPath: m_LocalRotation.z
      value: -0
      objectReference: {fileID: 0}
    - target: {fileID: 2445610151231412777, guid: a74c060c0ae26c24394f46264bafcf90, type: 3}
      propertyPath: m_LocalEulerAnglesHint.x
      value: 0
      objectReference: {fileID: 0}
    - target: {fileID: 2445610151231412777, guid: a74c060c0ae26c24394f46264bafcf90, type: 3}
      propertyPath: m_LocalEulerAnglesHint.y
      value: 0
      objectReference: {fileID: 0}
    - target: {fileID: 2445610151231412777, guid: a74c060c0ae26c24394f46264bafcf90, type: 3}
      propertyPath: m_LocalEulerAnglesHint.z
      value: 0
      objectReference: {fileID: 0}
    - target: {fileID: 3079157940612792467, guid: a74c060c0ae26c24394f46264bafcf90, type: 3}
      propertyPath: m_Name
      value: Room_Side_Left (1)
      objectReference: {fileID: 0}
    - target: {fileID: 3079157940612792467, guid: a74c060c0ae26c24394f46264bafcf90, type: 3}
      propertyPath: m_StaticEditorFlags
      value: 2147483647
      objectReference: {fileID: 0}
    - target: {fileID: 6284375486305925194, guid: a74c060c0ae26c24394f46264bafcf90, type: 3}
      propertyPath: m_StaticEditorFlags
      value: 2147483647
      objectReference: {fileID: 0}
    m_RemovedComponents: []
  m_SourcePrefab: {fileID: 100100000, guid: a74c060c0ae26c24394f46264bafcf90, type: 3}
--- !u!4 &4604855080678708454 stripped
Transform:
  m_CorrespondingSourceObject: {fileID: 2445610151231412777, guid: a74c060c0ae26c24394f46264bafcf90, type: 3}
  m_PrefabInstance: {fileID: 2168261351111986895}
  m_PrefabAsset: {fileID: 0}
--- !u!1001 &2168261351116068716
PrefabInstance:
  m_ObjectHideFlags: 0
  serializedVersion: 2
  m_Modification:
    m_TransformParent: {fileID: 2168261350976758354}
    m_Modifications:
    - target: {fileID: 4016125310669022393, guid: b738182934b25604e8974c23b4a1debe, type: 3}
      propertyPath: m_Name
      value: Floor_heavily_damaged
      objectReference: {fileID: 0}
    - target: {fileID: 4016125310669022393, guid: b738182934b25604e8974c23b4a1debe, type: 3}
      propertyPath: m_StaticEditorFlags
      value: 2147483647
      objectReference: {fileID: 0}
    - target: {fileID: 4393248369218272771, guid: b738182934b25604e8974c23b4a1debe, type: 3}
      propertyPath: m_RootOrder
      value: 9
      objectReference: {fileID: 0}
    - target: {fileID: 4393248369218272771, guid: b738182934b25604e8974c23b4a1debe, type: 3}
      propertyPath: m_LocalScale.z
      value: 1.042
      objectReference: {fileID: 0}
    - target: {fileID: 4393248369218272771, guid: b738182934b25604e8974c23b4a1debe, type: 3}
      propertyPath: m_LocalPosition.x
      value: -12.600002
      objectReference: {fileID: 0}
    - target: {fileID: 4393248369218272771, guid: b738182934b25604e8974c23b4a1debe, type: 3}
      propertyPath: m_LocalPosition.y
      value: -0
      objectReference: {fileID: 0}
    - target: {fileID: 4393248369218272771, guid: b738182934b25604e8974c23b4a1debe, type: 3}
      propertyPath: m_LocalPosition.z
      value: -12.900024
      objectReference: {fileID: 0}
    - target: {fileID: 4393248369218272771, guid: b738182934b25604e8974c23b4a1debe, type: 3}
      propertyPath: m_LocalRotation.w
      value: 0
      objectReference: {fileID: 0}
    - target: {fileID: 4393248369218272771, guid: b738182934b25604e8974c23b4a1debe, type: 3}
      propertyPath: m_LocalRotation.x
      value: -0
      objectReference: {fileID: 0}
    - target: {fileID: 4393248369218272771, guid: b738182934b25604e8974c23b4a1debe, type: 3}
      propertyPath: m_LocalRotation.y
      value: 1
      objectReference: {fileID: 0}
    - target: {fileID: 4393248369218272771, guid: b738182934b25604e8974c23b4a1debe, type: 3}
      propertyPath: m_LocalRotation.z
      value: -0
      objectReference: {fileID: 0}
    - target: {fileID: 4393248369218272771, guid: b738182934b25604e8974c23b4a1debe, type: 3}
      propertyPath: m_LocalEulerAnglesHint.x
      value: 0
      objectReference: {fileID: 0}
    - target: {fileID: 4393248369218272771, guid: b738182934b25604e8974c23b4a1debe, type: 3}
      propertyPath: m_LocalEulerAnglesHint.y
      value: 180
      objectReference: {fileID: 0}
    - target: {fileID: 4393248369218272771, guid: b738182934b25604e8974c23b4a1debe, type: 3}
      propertyPath: m_LocalEulerAnglesHint.z
      value: 0
      objectReference: {fileID: 0}
    - target: {fileID: 5346317365346999392, guid: b738182934b25604e8974c23b4a1debe, type: 3}
      propertyPath: m_StaticEditorFlags
      value: 2147483647
      objectReference: {fileID: 0}
    m_RemovedComponents: []
  m_SourcePrefab: {fileID: 100100000, guid: b738182934b25604e8974c23b4a1debe, type: 3}
--- !u!4 &2513222071076186479 stripped
Transform:
  m_CorrespondingSourceObject: {fileID: 4393248369218272771, guid: b738182934b25604e8974c23b4a1debe, type: 3}
  m_PrefabInstance: {fileID: 2168261351116068716}
  m_PrefabAsset: {fileID: 0}
--- !u!1001 &2168261351141966441
PrefabInstance:
  m_ObjectHideFlags: 0
  serializedVersion: 2
  m_Modification:
    m_TransformParent: {fileID: 2168261350976758354}
    m_Modifications:
    - target: {fileID: 8057865727190624653, guid: c8a192287fcc8d146a443cd059eabbf1, type: 3}
      propertyPath: m_StaticEditorFlags
      value: 2147483647
      objectReference: {fileID: 0}
    - target: {fileID: 8057865727957670814, guid: c8a192287fcc8d146a443cd059eabbf1, type: 3}
      propertyPath: m_Name
      value: Room_Corner_right_back (1)
      objectReference: {fileID: 0}
    - target: {fileID: 8057865727957670814, guid: c8a192287fcc8d146a443cd059eabbf1, type: 3}
      propertyPath: m_StaticEditorFlags
      value: 2147483647
      objectReference: {fileID: 0}
    - target: {fileID: 8057865727957670815, guid: c8a192287fcc8d146a443cd059eabbf1, type: 3}
      propertyPath: m_RootOrder
      value: 7
      objectReference: {fileID: 0}
    - target: {fileID: 8057865727957670815, guid: c8a192287fcc8d146a443cd059eabbf1, type: 3}
      propertyPath: m_LocalPosition.x
      value: 0.20000076
      objectReference: {fileID: 0}
    - target: {fileID: 8057865727957670815, guid: c8a192287fcc8d146a443cd059eabbf1, type: 3}
      propertyPath: m_LocalPosition.y
      value: 0
      objectReference: {fileID: 0}
    - target: {fileID: 8057865727957670815, guid: c8a192287fcc8d146a443cd059eabbf1, type: 3}
      propertyPath: m_LocalPosition.z
      value: -25.500008
      objectReference: {fileID: 0}
    - target: {fileID: 8057865727957670815, guid: c8a192287fcc8d146a443cd059eabbf1, type: 3}
      propertyPath: m_LocalRotation.w
      value: 0
      objectReference: {fileID: 0}
    - target: {fileID: 8057865727957670815, guid: c8a192287fcc8d146a443cd059eabbf1, type: 3}
      propertyPath: m_LocalRotation.x
      value: -0
      objectReference: {fileID: 0}
    - target: {fileID: 8057865727957670815, guid: c8a192287fcc8d146a443cd059eabbf1, type: 3}
      propertyPath: m_LocalRotation.y
      value: 1
      objectReference: {fileID: 0}
    - target: {fileID: 8057865727957670815, guid: c8a192287fcc8d146a443cd059eabbf1, type: 3}
      propertyPath: m_LocalRotation.z
      value: -0
      objectReference: {fileID: 0}
    - target: {fileID: 8057865727957670815, guid: c8a192287fcc8d146a443cd059eabbf1, type: 3}
      propertyPath: m_LocalEulerAnglesHint.x
      value: 0
      objectReference: {fileID: 0}
    - target: {fileID: 8057865727957670815, guid: c8a192287fcc8d146a443cd059eabbf1, type: 3}
      propertyPath: m_LocalEulerAnglesHint.y
      value: 0
      objectReference: {fileID: 0}
    - target: {fileID: 8057865727957670815, guid: c8a192287fcc8d146a443cd059eabbf1, type: 3}
      propertyPath: m_LocalEulerAnglesHint.z
      value: 0
      objectReference: {fileID: 0}
    m_RemovedComponents: []
  m_SourcePrefab: {fileID: 100100000, guid: c8a192287fcc8d146a443cd059eabbf1, type: 3}
--- !u!4 &8197813673196034550 stripped
Transform:
  m_CorrespondingSourceObject: {fileID: 8057865727957670815, guid: c8a192287fcc8d146a443cd059eabbf1, type: 3}
  m_PrefabInstance: {fileID: 2168261351141966441}
  m_PrefabAsset: {fileID: 0}
--- !u!1001 &8013842214315420873
PrefabInstance:
  m_ObjectHideFlags: 0
  serializedVersion: 2
  m_Modification:
    m_TransformParent: {fileID: 2168261350976758354}
    m_Modifications:
    - target: {fileID: 8551047340178137458, guid: ba9897beb4cfaab4599b32a4ea5dfdee, type: 3}
      propertyPath: m_RootOrder
      value: 14
      objectReference: {fileID: 0}
    - target: {fileID: 8551047340178137458, guid: ba9897beb4cfaab4599b32a4ea5dfdee, type: 3}
      propertyPath: m_LocalScale.x
      value: 0.49145997
      objectReference: {fileID: 0}
    - target: {fileID: 8551047340178137458, guid: ba9897beb4cfaab4599b32a4ea5dfdee, type: 3}
      propertyPath: m_LocalScale.y
      value: 0.49145997
      objectReference: {fileID: 0}
    - target: {fileID: 8551047340178137458, guid: ba9897beb4cfaab4599b32a4ea5dfdee, type: 3}
      propertyPath: m_LocalScale.z
      value: 0.49145997
      objectReference: {fileID: 0}
    - target: {fileID: 8551047340178137458, guid: ba9897beb4cfaab4599b32a4ea5dfdee, type: 3}
      propertyPath: m_LocalPosition.x
      value: -21.996
      objectReference: {fileID: 0}
    - target: {fileID: 8551047340178137458, guid: ba9897beb4cfaab4599b32a4ea5dfdee, type: 3}
      propertyPath: m_LocalPosition.y
      value: 0.50614
      objectReference: {fileID: 0}
    - target: {fileID: 8551047340178137458, guid: ba9897beb4cfaab4599b32a4ea5dfdee, type: 3}
      propertyPath: m_LocalPosition.z
      value: 1.2045515
      objectReference: {fileID: 0}
    - target: {fileID: 8551047340178137458, guid: ba9897beb4cfaab4599b32a4ea5dfdee, type: 3}
      propertyPath: m_LocalRotation.w
      value: 1
      objectReference: {fileID: 0}
    - target: {fileID: 8551047340178137458, guid: ba9897beb4cfaab4599b32a4ea5dfdee, type: 3}
      propertyPath: m_LocalRotation.x
      value: 0
      objectReference: {fileID: 0}
    - target: {fileID: 8551047340178137458, guid: ba9897beb4cfaab4599b32a4ea5dfdee, type: 3}
      propertyPath: m_LocalRotation.y
      value: 0
      objectReference: {fileID: 0}
    - target: {fileID: 8551047340178137458, guid: ba9897beb4cfaab4599b32a4ea5dfdee, type: 3}
      propertyPath: m_LocalRotation.z
      value: 0
      objectReference: {fileID: 0}
    - target: {fileID: 8551047340178137458, guid: ba9897beb4cfaab4599b32a4ea5dfdee, type: 3}
      propertyPath: m_LocalEulerAnglesHint.x
      value: 0
      objectReference: {fileID: 0}
    - target: {fileID: 8551047340178137458, guid: ba9897beb4cfaab4599b32a4ea5dfdee, type: 3}
      propertyPath: m_LocalEulerAnglesHint.y
      value: 0
      objectReference: {fileID: 0}
    - target: {fileID: 8551047340178137458, guid: ba9897beb4cfaab4599b32a4ea5dfdee, type: 3}
      propertyPath: m_LocalEulerAnglesHint.z
      value: 0
      objectReference: {fileID: 0}
    - target: {fileID: 8551047340178137458, guid: ba9897beb4cfaab4599b32a4ea5dfdee, type: 3}
      propertyPath: m_ConstrainProportionsScale
      value: 1
      objectReference: {fileID: 0}
    - target: {fileID: 9070457374450236360, guid: ba9897beb4cfaab4599b32a4ea5dfdee, type: 3}
      propertyPath: m_Name
      value: Open_Scroll
      objectReference: {fileID: 0}
    - target: {fileID: 9070457374450236360, guid: ba9897beb4cfaab4599b32a4ea5dfdee, type: 3}
      propertyPath: m_TagString
      value: ScrollWithRune
      objectReference: {fileID: 0}
    m_RemovedComponents: []
  m_SourcePrefab: {fileID: 100100000, guid: ba9897beb4cfaab4599b32a4ea5dfdee, type: 3}
--- !u!4 &1845788965023583675 stripped
Transform:
  m_CorrespondingSourceObject: {fileID: 8551047340178137458, guid: ba9897beb4cfaab4599b32a4ea5dfdee, type: 3}
  m_PrefabInstance: {fileID: 8013842214315420873}
  m_PrefabAsset: {fileID: 0}
