%YAML 1.1
%TAG !u! tag:unity3d.com,2011:
--- !u!1 &7448342904227859411
GameObject:
  m_ObjectHideFlags: 0
  m_CorrespondingSourceObject: {fileID: 0}
  m_PrefabInstance: {fileID: 0}
  m_PrefabAsset: {fileID: 0}
  serializedVersion: 6
  m_Component:
  - component: {fileID: 7448342904227859412}
  m_Layer: 0
  m_Name: Puzzle_Room_Pillars
  m_TagString: Untagged
  m_Icon: {fileID: 0}
  m_NavMeshLayer: 0
  m_StaticEditorFlags: 0
  m_IsActive: 1
--- !u!4 &7448342904227859412
Transform:
  m_ObjectHideFlags: 0
  m_CorrespondingSourceObject: {fileID: 0}
  m_PrefabInstance: {fileID: 0}
  m_PrefabAsset: {fileID: 0}
  m_GameObject: {fileID: 7448342904227859411}
  m_LocalRotation: {x: -0, y: -0, z: -0, w: 1}
  m_LocalPosition: {x: -131.45963, y: 34.867588, z: -231.98099}
  m_LocalScale: {x: 1, y: 1, z: 1}
  m_ConstrainProportionsScale: 0
  m_Children:
  - {fileID: 516411550494987890}
  - {fileID: 2468708180115338766}
  - {fileID: 8756384713793011129}
  - {fileID: 5092824685241094428}
  - {fileID: 709514073324500047}
  - {fileID: 7252289325590634904}
  - {fileID: 616604227733750871}
  - {fileID: 1537629891383980950}
  - {fileID: 7593902816086755519}
  - {fileID: 7687175447170036805}
  - {fileID: 1537629891203963957}
  - {fileID: 5092824684535258431}
  - {fileID: 5092824685303957584}
  - {fileID: 2574183757529321268}
  - {fileID: 1573555506631263428}
  - {fileID: 1573555506231902800}
  - {fileID: 1573555506460501059}
  - {fileID: 1573555505575294570}
  - {fileID: 5626821723699981094}
  - {fileID: 5626821723242491352}
  - {fileID: 6978166087205325366}
  - {fileID: 2041137174105428511}
  - {fileID: 709626494342446694}
  - {fileID: 709626492946245905}
  - {fileID: 3936776892312103181}
  - {fileID: 2530822366157669942}
  - {fileID: 4638439120792947845}
  m_Father: {fileID: 0}
  m_RootOrder: 0
  m_LocalEulerAnglesHint: {x: 0, y: 0, z: 0}
--- !u!1001 &1433006152242551589
PrefabInstance:
  m_ObjectHideFlags: 0
  serializedVersion: 2
  m_Modification:
    m_TransformParent: {fileID: 7448342904227859412}
    m_Modifications:
    - target: {fileID: 428538889641390960, guid: ffa248bc368cd5848bc0c2122387bfa4, type: 3}
      propertyPath: m_StaticEditorFlags
      value: 2147483647
      objectReference: {fileID: 0}
    - target: {fileID: 4294659226224506737, guid: ffa248bc368cd5848bc0c2122387bfa4, type: 3}
      propertyPath: m_StaticEditorFlags
      value: 2147483647
      objectReference: {fileID: 0}
    - target: {fileID: 8301368406629732627, guid: ffa248bc368cd5848bc0c2122387bfa4, type: 3}
      propertyPath: m_RootOrder
      value: 20
      objectReference: {fileID: 0}
    - target: {fileID: 8301368406629732627, guid: ffa248bc368cd5848bc0c2122387bfa4, type: 3}
      propertyPath: m_LocalScale.x
      value: 0.81439
      objectReference: {fileID: 0}
    - target: {fileID: 8301368406629732627, guid: ffa248bc368cd5848bc0c2122387bfa4, type: 3}
      propertyPath: m_LocalScale.y
      value: 0.81439
      objectReference: {fileID: 0}
    - target: {fileID: 8301368406629732627, guid: ffa248bc368cd5848bc0c2122387bfa4, type: 3}
      propertyPath: m_LocalScale.z
      value: 0.81439
      objectReference: {fileID: 0}
    - target: {fileID: 8301368406629732627, guid: ffa248bc368cd5848bc0c2122387bfa4, type: 3}
      propertyPath: m_LocalPosition.x
      value: -12.161743
      objectReference: {fileID: 0}
    - target: {fileID: 8301368406629732627, guid: ffa248bc368cd5848bc0c2122387bfa4, type: 3}
      propertyPath: m_LocalPosition.y
      value: 0.20000005
      objectReference: {fileID: 0}
    - target: {fileID: 8301368406629732627, guid: ffa248bc368cd5848bc0c2122387bfa4, type: 3}
      propertyPath: m_LocalPosition.z
      value: 3.0045395
      objectReference: {fileID: 0}
    - target: {fileID: 8301368406629732627, guid: ffa248bc368cd5848bc0c2122387bfa4, type: 3}
      propertyPath: m_LocalRotation.w
      value: 0.7071068
      objectReference: {fileID: 0}
    - target: {fileID: 8301368406629732627, guid: ffa248bc368cd5848bc0c2122387bfa4, type: 3}
      propertyPath: m_LocalRotation.x
      value: -0
      objectReference: {fileID: 0}
    - target: {fileID: 8301368406629732627, guid: ffa248bc368cd5848bc0c2122387bfa4, type: 3}
      propertyPath: m_LocalRotation.y
      value: 0.7071068
      objectReference: {fileID: 0}
    - target: {fileID: 8301368406629732627, guid: ffa248bc368cd5848bc0c2122387bfa4, type: 3}
      propertyPath: m_LocalRotation.z
      value: -0
      objectReference: {fileID: 0}
    - target: {fileID: 8301368406629732627, guid: ffa248bc368cd5848bc0c2122387bfa4, type: 3}
      propertyPath: m_LocalEulerAnglesHint.x
      value: 0
      objectReference: {fileID: 0}
    - target: {fileID: 8301368406629732627, guid: ffa248bc368cd5848bc0c2122387bfa4, type: 3}
      propertyPath: m_LocalEulerAnglesHint.y
      value: 90
      objectReference: {fileID: 0}
    - target: {fileID: 8301368406629732627, guid: ffa248bc368cd5848bc0c2122387bfa4, type: 3}
      propertyPath: m_LocalEulerAnglesHint.z
      value: 0
      objectReference: {fileID: 0}
    - target: {fileID: 8682854567838256041, guid: ffa248bc368cd5848bc0c2122387bfa4, type: 3}
      propertyPath: m_Name
      value: Mysterious_Object_Pyramid
      objectReference: {fileID: 0}
    - target: {fileID: 8682854567838256041, guid: ffa248bc368cd5848bc0c2122387bfa4, type: 3}
      propertyPath: m_StaticEditorFlags
      value: 2147483647
      objectReference: {fileID: 0}
    m_RemovedComponents: []
  m_SourcePrefab: {fileID: 100100000, guid: ffa248bc368cd5848bc0c2122387bfa4, type: 3}
--- !u!4 &6978166087205325366 stripped
Transform:
  m_CorrespondingSourceObject: {fileID: 8301368406629732627, guid: ffa248bc368cd5848bc0c2122387bfa4, type: 3}
  m_PrefabInstance: {fileID: 1433006152242551589}
  m_PrefabAsset: {fileID: 0}
--- !u!1001 &3443146081688174074
PrefabInstance:
  m_ObjectHideFlags: 0
  serializedVersion: 2
  m_Modification:
    m_TransformParent: {fileID: 7448342904227859412}
    m_Modifications:
    - target: {fileID: 3720198715868359644, guid: 748e25ea94d787541a2935ece259e8fe, type: 3}
      propertyPath: m_StaticEditorFlags
      value: 2147483647
      objectReference: {fileID: 0}
    - target: {fileID: 5000920046778812863, guid: 748e25ea94d787541a2935ece259e8fe, type: 3}
      propertyPath: m_RootOrder
      value: 9
      objectReference: {fileID: 0}
    - target: {fileID: 5000920046778812863, guid: 748e25ea94d787541a2935ece259e8fe, type: 3}
      propertyPath: m_LocalPosition.x
      value: 12.699997
      objectReference: {fileID: 0}
    - target: {fileID: 5000920046778812863, guid: 748e25ea94d787541a2935ece259e8fe, type: 3}
      propertyPath: m_LocalPosition.y
      value: 0
      objectReference: {fileID: 0}
    - target: {fileID: 5000920046778812863, guid: 748e25ea94d787541a2935ece259e8fe, type: 3}
      propertyPath: m_LocalPosition.z
      value: 0.40000153
      objectReference: {fileID: 0}
    - target: {fileID: 5000920046778812863, guid: 748e25ea94d787541a2935ece259e8fe, type: 3}
      propertyPath: m_LocalRotation.w
      value: 1
      objectReference: {fileID: 0}
    - target: {fileID: 5000920046778812863, guid: 748e25ea94d787541a2935ece259e8fe, type: 3}
      propertyPath: m_LocalRotation.x
      value: -0
      objectReference: {fileID: 0}
    - target: {fileID: 5000920046778812863, guid: 748e25ea94d787541a2935ece259e8fe, type: 3}
      propertyPath: m_LocalRotation.y
      value: -0
      objectReference: {fileID: 0}
    - target: {fileID: 5000920046778812863, guid: 748e25ea94d787541a2935ece259e8fe, type: 3}
      propertyPath: m_LocalRotation.z
      value: -0
      objectReference: {fileID: 0}
    - target: {fileID: 5000920046778812863, guid: 748e25ea94d787541a2935ece259e8fe, type: 3}
      propertyPath: m_LocalEulerAnglesHint.x
      value: 0
      objectReference: {fileID: 0}
    - target: {fileID: 5000920046778812863, guid: 748e25ea94d787541a2935ece259e8fe, type: 3}
      propertyPath: m_LocalEulerAnglesHint.y
      value: 0
      objectReference: {fileID: 0}
    - target: {fileID: 5000920046778812863, guid: 748e25ea94d787541a2935ece259e8fe, type: 3}
      propertyPath: m_LocalEulerAnglesHint.z
      value: 0
      objectReference: {fileID: 0}
    - target: {fileID: 5633166292762612485, guid: 748e25ea94d787541a2935ece259e8fe, type: 3}
      propertyPath: m_Name
      value: Floor_damaged_alternative-0-Room_Asset
      objectReference: {fileID: 0}
    - target: {fileID: 5633166292762612485, guid: 748e25ea94d787541a2935ece259e8fe, type: 3}
      propertyPath: m_StaticEditorFlags
      value: 2147483647
      objectReference: {fileID: 0}
    m_RemovedComponents: []
  m_SourcePrefab: {fileID: 100100000, guid: 748e25ea94d787541a2935ece259e8fe, type: 3}
--- !u!4 &7687175447170036805 stripped
Transform:
  m_CorrespondingSourceObject: {fileID: 5000920046778812863, guid: 748e25ea94d787541a2935ece259e8fe, type: 3}
  m_PrefabInstance: {fileID: 3443146081688174074}
  m_PrefabAsset: {fileID: 0}
--- !u!1001 &3958788390489485227
PrefabInstance:
  m_ObjectHideFlags: 0
  serializedVersion: 2
  m_Modification:
    m_TransformParent: {fileID: 7448342904227859412}
    m_Modifications:
    - target: {fileID: 1580544225896950173, guid: e73d9f1889575cf4397a79277ab5a3c8, type: 3}
      propertyPath: m_RootOrder
      value: 25
      objectReference: {fileID: 0}
    - target: {fileID: 1580544225896950173, guid: e73d9f1889575cf4397a79277ab5a3c8, type: 3}
      propertyPath: m_LocalPosition.x
      value: -6.475006
      objectReference: {fileID: 0}
    - target: {fileID: 1580544225896950173, guid: e73d9f1889575cf4397a79277ab5a3c8, type: 3}
      propertyPath: m_LocalPosition.y
      value: 0
      objectReference: {fileID: 0}
    - target: {fileID: 1580544225896950173, guid: e73d9f1889575cf4397a79277ab5a3c8, type: 3}
      propertyPath: m_LocalPosition.z
      value: 0.124988556
      objectReference: {fileID: 0}
    - target: {fileID: 1580544225896950173, guid: e73d9f1889575cf4397a79277ab5a3c8, type: 3}
      propertyPath: m_LocalRotation.w
      value: 1
      objectReference: {fileID: 0}
    - target: {fileID: 1580544225896950173, guid: e73d9f1889575cf4397a79277ab5a3c8, type: 3}
      propertyPath: m_LocalRotation.x
      value: -0
      objectReference: {fileID: 0}
    - target: {fileID: 1580544225896950173, guid: e73d9f1889575cf4397a79277ab5a3c8, type: 3}
      propertyPath: m_LocalRotation.y
      value: -0
      objectReference: {fileID: 0}
    - target: {fileID: 1580544225896950173, guid: e73d9f1889575cf4397a79277ab5a3c8, type: 3}
      propertyPath: m_LocalRotation.z
      value: -0
      objectReference: {fileID: 0}
    - target: {fileID: 1580544225896950173, guid: e73d9f1889575cf4397a79277ab5a3c8, type: 3}
      propertyPath: m_LocalEulerAnglesHint.x
      value: 0
      objectReference: {fileID: 0}
    - target: {fileID: 1580544225896950173, guid: e73d9f1889575cf4397a79277ab5a3c8, type: 3}
      propertyPath: m_LocalEulerAnglesHint.y
      value: -90
      objectReference: {fileID: 0}
    - target: {fileID: 1580544225896950173, guid: e73d9f1889575cf4397a79277ab5a3c8, type: 3}
      propertyPath: m_LocalEulerAnglesHint.z
      value: 0
      objectReference: {fileID: 0}
    - target: {fileID: 2208145035588907815, guid: e73d9f1889575cf4397a79277ab5a3c8, type: 3}
      propertyPath: m_Name
      value: Wall_1-0
      objectReference: {fileID: 0}
    m_RemovedComponents: []
  m_SourcePrefab: {fileID: 100100000, guid: e73d9f1889575cf4397a79277ab5a3c8, type: 3}
--- !u!4 &2530822366157669942 stripped
Transform:
  m_CorrespondingSourceObject: {fileID: 1580544225896950173, guid: e73d9f1889575cf4397a79277ab5a3c8, type: 3}
  m_PrefabInstance: {fileID: 3958788390489485227}
  m_PrefabAsset: {fileID: 0}
--- !u!1001 &4770966751100288440
PrefabInstance:
  m_ObjectHideFlags: 0
  serializedVersion: 2
  m_Modification:
    m_TransformParent: {fileID: 7448342904227859412}
    m_Modifications:
    - target: {fileID: 1635201070512417237, guid: f2becaa90079338479ebca49a47f9b8e, type: 3}
      propertyPath: m_StaticEditorFlags
      value: 2147483647
      objectReference: {fileID: 0}
    - target: {fileID: 6951163058595564470, guid: f2becaa90079338479ebca49a47f9b8e, type: 3}
      propertyPath: m_RootOrder
      value: 1
      objectReference: {fileID: 0}
    - target: {fileID: 6951163058595564470, guid: f2becaa90079338479ebca49a47f9b8e, type: 3}
      propertyPath: m_LocalPosition.x
      value: 3.0400085
      objectReference: {fileID: 0}
    - target: {fileID: 6951163058595564470, guid: f2becaa90079338479ebca49a47f9b8e, type: 3}
      propertyPath: m_LocalPosition.y
      value: 0.29999542
      objectReference: {fileID: 0}
    - target: {fileID: 6951163058595564470, guid: f2becaa90079338479ebca49a47f9b8e, type: 3}
      propertyPath: m_LocalPosition.z
      value: 6.2499924
      objectReference: {fileID: 0}
    - target: {fileID: 6951163058595564470, guid: f2becaa90079338479ebca49a47f9b8e, type: 3}
      propertyPath: m_LocalRotation.w
      value: 1
      objectReference: {fileID: 0}
    - target: {fileID: 6951163058595564470, guid: f2becaa90079338479ebca49a47f9b8e, type: 3}
      propertyPath: m_LocalRotation.x
      value: -0
      objectReference: {fileID: 0}
    - target: {fileID: 6951163058595564470, guid: f2becaa90079338479ebca49a47f9b8e, type: 3}
      propertyPath: m_LocalRotation.y
      value: -0
      objectReference: {fileID: 0}
    - target: {fileID: 6951163058595564470, guid: f2becaa90079338479ebca49a47f9b8e, type: 3}
      propertyPath: m_LocalRotation.z
      value: -0
      objectReference: {fileID: 0}
    - target: {fileID: 6951163058595564470, guid: f2becaa90079338479ebca49a47f9b8e, type: 3}
      propertyPath: m_LocalEulerAnglesHint.x
      value: 0
      objectReference: {fileID: 0}
    - target: {fileID: 6951163058595564470, guid: f2becaa90079338479ebca49a47f9b8e, type: 3}
      propertyPath: m_LocalEulerAnglesHint.y
      value: 0
      objectReference: {fileID: 0}
    - target: {fileID: 6951163058595564470, guid: f2becaa90079338479ebca49a47f9b8e, type: 3}
      propertyPath: m_LocalEulerAnglesHint.z
      value: 0
      objectReference: {fileID: 0}
    - target: {fileID: 7727241643557409036, guid: f2becaa90079338479ebca49a47f9b8e, type: 3}
      propertyPath: m_Name
      value: Pillar_with_Border-0-Room_Asset (1)
      objectReference: {fileID: 0}
    - target: {fileID: 7727241643557409036, guid: f2becaa90079338479ebca49a47f9b8e, type: 3}
      propertyPath: m_StaticEditorFlags
      value: 2147483647
      objectReference: {fileID: 0}
    m_RemovedComponents: []
  m_SourcePrefab: {fileID: 100100000, guid: f2becaa90079338479ebca49a47f9b8e, type: 3}
--- !u!4 &2468708180115338766 stripped
Transform:
  m_CorrespondingSourceObject: {fileID: 6951163058595564470, guid: f2becaa90079338479ebca49a47f9b8e, type: 3}
  m_PrefabInstance: {fileID: 4770966751100288440}
  m_PrefabAsset: {fileID: 0}
--- !u!1001 &5584303205200792758
PrefabInstance:
  m_ObjectHideFlags: 0
  serializedVersion: 2
  m_Modification:
    m_TransformParent: {fileID: 7448342904227859412}
    m_Modifications:
    - target: {fileID: 8112816059466874625, guid: 853d76fdc5154e9419afd5c05bb1f8e5, type: 3}
      propertyPath: m_Name
      value: Steampunk_Lamp_spooky
      objectReference: {fileID: 0}
    - target: {fileID: 8925381933285451195, guid: 853d76fdc5154e9419afd5c05bb1f8e5, type: 3}
      propertyPath: m_RootOrder
      value: 24
      objectReference: {fileID: 0}
    - target: {fileID: 8925381933285451195, guid: 853d76fdc5154e9419afd5c05bb1f8e5, type: 3}
      propertyPath: m_LocalPosition.x
      value: -13.114563
      objectReference: {fileID: 0}
    - target: {fileID: 8925381933285451195, guid: 853d76fdc5154e9419afd5c05bb1f8e5, type: 3}
      propertyPath: m_LocalPosition.y
      value: 0.29999924
      objectReference: {fileID: 0}
    - target: {fileID: 8925381933285451195, guid: 853d76fdc5154e9419afd5c05bb1f8e5, type: 3}
      propertyPath: m_LocalPosition.z
      value: -27.034882
      objectReference: {fileID: 0}
    - target: {fileID: 8925381933285451195, guid: 853d76fdc5154e9419afd5c05bb1f8e5, type: 3}
      propertyPath: m_LocalRotation.w
      value: 1
      objectReference: {fileID: 0}
    - target: {fileID: 8925381933285451195, guid: 853d76fdc5154e9419afd5c05bb1f8e5, type: 3}
      propertyPath: m_LocalRotation.x
      value: -0
      objectReference: {fileID: 0}
    - target: {fileID: 8925381933285451195, guid: 853d76fdc5154e9419afd5c05bb1f8e5, type: 3}
      propertyPath: m_LocalRotation.y
      value: -0
      objectReference: {fileID: 0}
    - target: {fileID: 8925381933285451195, guid: 853d76fdc5154e9419afd5c05bb1f8e5, type: 3}
      propertyPath: m_LocalRotation.z
      value: -0
      objectReference: {fileID: 0}
    - target: {fileID: 8925381933285451195, guid: 853d76fdc5154e9419afd5c05bb1f8e5, type: 3}
      propertyPath: m_LocalEulerAnglesHint.x
      value: 0
      objectReference: {fileID: 0}
    - target: {fileID: 8925381933285451195, guid: 853d76fdc5154e9419afd5c05bb1f8e5, type: 3}
      propertyPath: m_LocalEulerAnglesHint.y
      value: 0
      objectReference: {fileID: 0}
    - target: {fileID: 8925381933285451195, guid: 853d76fdc5154e9419afd5c05bb1f8e5, type: 3}
      propertyPath: m_LocalEulerAnglesHint.z
      value: 0
      objectReference: {fileID: 0}
    m_RemovedComponents:
    - {fileID: 5145440788452252611, guid: 853d76fdc5154e9419afd5c05bb1f8e5, type: 3}
  m_SourcePrefab: {fileID: 100100000, guid: 853d76fdc5154e9419afd5c05bb1f8e5, type: 3}
--- !u!4 &3936776892312103181 stripped
Transform:
  m_CorrespondingSourceObject: {fileID: 8925381933285451195, guid: 853d76fdc5154e9419afd5c05bb1f8e5, type: 3}
  m_PrefabInstance: {fileID: 5584303205200792758}
  m_PrefabAsset: {fileID: 0}
--- !u!1001 &6174491539948070168
PrefabInstance:
  m_ObjectHideFlags: 0
  serializedVersion: 2
  m_Modification:
    m_TransformParent: {fileID: 7448342904227859412}
    m_Modifications:
    - target: {fileID: 1580544225896950173, guid: e73d9f1889575cf4397a79277ab5a3c8, type: 3}
      propertyPath: m_RootOrder
      value: 26
      objectReference: {fileID: 0}
    - target: {fileID: 1580544225896950173, guid: e73d9f1889575cf4397a79277ab5a3c8, type: 3}
      propertyPath: m_LocalPosition.x
      value: -6.475006
      objectReference: {fileID: 0}
    - target: {fileID: 1580544225896950173, guid: e73d9f1889575cf4397a79277ab5a3c8, type: 3}
      propertyPath: m_LocalPosition.y
      value: 0
      objectReference: {fileID: 0}
    - target: {fileID: 1580544225896950173, guid: e73d9f1889575cf4397a79277ab5a3c8, type: 3}
      propertyPath: m_LocalPosition.z
      value: -12.675026
      objectReference: {fileID: 0}
    - target: {fileID: 1580544225896950173, guid: e73d9f1889575cf4397a79277ab5a3c8, type: 3}
      propertyPath: m_LocalRotation.w
      value: 1
      objectReference: {fileID: 0}
    - target: {fileID: 1580544225896950173, guid: e73d9f1889575cf4397a79277ab5a3c8, type: 3}
      propertyPath: m_LocalRotation.x
      value: -0
      objectReference: {fileID: 0}
    - target: {fileID: 1580544225896950173, guid: e73d9f1889575cf4397a79277ab5a3c8, type: 3}
      propertyPath: m_LocalRotation.y
      value: -0
      objectReference: {fileID: 0}
    - target: {fileID: 1580544225896950173, guid: e73d9f1889575cf4397a79277ab5a3c8, type: 3}
      propertyPath: m_LocalRotation.z
      value: -0
      objectReference: {fileID: 0}
    - target: {fileID: 1580544225896950173, guid: e73d9f1889575cf4397a79277ab5a3c8, type: 3}
      propertyPath: m_LocalEulerAnglesHint.x
      value: 0
      objectReference: {fileID: 0}
    - target: {fileID: 1580544225896950173, guid: e73d9f1889575cf4397a79277ab5a3c8, type: 3}
      propertyPath: m_LocalEulerAnglesHint.y
      value: -90
      objectReference: {fileID: 0}
    - target: {fileID: 1580544225896950173, guid: e73d9f1889575cf4397a79277ab5a3c8, type: 3}
      propertyPath: m_LocalEulerAnglesHint.z
      value: 0
      objectReference: {fileID: 0}
    - target: {fileID: 2208145035588907815, guid: e73d9f1889575cf4397a79277ab5a3c8, type: 3}
      propertyPath: m_Name
      value: Wall_1-0 (1)
      objectReference: {fileID: 0}
    m_RemovedComponents: []
  m_SourcePrefab: {fileID: 100100000, guid: e73d9f1889575cf4397a79277ab5a3c8, type: 3}
--- !u!4 &4638439120792947845 stripped
Transform:
  m_CorrespondingSourceObject: {fileID: 1580544225896950173, guid: e73d9f1889575cf4397a79277ab5a3c8, type: 3}
  m_PrefabInstance: {fileID: 6174491539948070168}
  m_PrefabAsset: {fileID: 0}
--- !u!1001 &7448342904060169524
PrefabInstance:
  m_ObjectHideFlags: 0
  serializedVersion: 2
  m_Modification:
    m_TransformParent: {fileID: 7448342904227859412}
    m_Modifications:
    - target: {fileID: 1247513497121399453, guid: 442b9eb3bd1ef534daecb3091ea6ee8c, type: 3}
      propertyPath: m_StaticEditorFlags
      value: 2147483647
      objectReference: {fileID: 0}
    - target: {fileID: 1247513497680857425, guid: 442b9eb3bd1ef534daecb3091ea6ee8c, type: 3}
      propertyPath: m_StaticEditorFlags
      value: 2147483647
      objectReference: {fileID: 0}
    - target: {fileID: 1247513498538836381, guid: 442b9eb3bd1ef534daecb3091ea6ee8c, type: 3}
      propertyPath: m_StaticEditorFlags
      value: 2147483647
      objectReference: {fileID: 0}
    - target: {fileID: 1258087319032690617, guid: 442b9eb3bd1ef534daecb3091ea6ee8c, type: 3}
      propertyPath: m_Name
      value: Ceiling_3_x_1 (3)
      objectReference: {fileID: 0}
    - target: {fileID: 1258087319032690617, guid: 442b9eb3bd1ef534daecb3091ea6ee8c, type: 3}
      propertyPath: m_StaticEditorFlags
      value: 2147483647
      objectReference: {fileID: 0}
    - target: {fileID: 4964235718790693376, guid: 442b9eb3bd1ef534daecb3091ea6ee8c, type: 3}
      propertyPath: m_RootOrder
      value: 13
      objectReference: {fileID: 0}
    - target: {fileID: 4964235718790693376, guid: 442b9eb3bd1ef534daecb3091ea6ee8c, type: 3}
      propertyPath: m_LocalPosition.x
      value: -12.354996
      objectReference: {fileID: 0}
    - target: {fileID: 4964235718790693376, guid: 442b9eb3bd1ef534daecb3091ea6ee8c, type: 3}
      propertyPath: m_LocalPosition.y
      value: 12.549999
      objectReference: {fileID: 0}
    - target: {fileID: 4964235718790693376, guid: 442b9eb3bd1ef534daecb3091ea6ee8c, type: 3}
      propertyPath: m_LocalPosition.z
      value: 0.125
      objectReference: {fileID: 0}
    - target: {fileID: 4964235718790693376, guid: 442b9eb3bd1ef534daecb3091ea6ee8c, type: 3}
      propertyPath: m_LocalRotation.w
      value: 1
      objectReference: {fileID: 0}
    - target: {fileID: 4964235718790693376, guid: 442b9eb3bd1ef534daecb3091ea6ee8c, type: 3}
      propertyPath: m_LocalRotation.x
      value: -0
      objectReference: {fileID: 0}
    - target: {fileID: 4964235718790693376, guid: 442b9eb3bd1ef534daecb3091ea6ee8c, type: 3}
      propertyPath: m_LocalRotation.y
      value: -0
      objectReference: {fileID: 0}
    - target: {fileID: 4964235718790693376, guid: 442b9eb3bd1ef534daecb3091ea6ee8c, type: 3}
      propertyPath: m_LocalRotation.z
      value: -0
      objectReference: {fileID: 0}
    - target: {fileID: 4964235718790693376, guid: 442b9eb3bd1ef534daecb3091ea6ee8c, type: 3}
      propertyPath: m_LocalEulerAnglesHint.x
      value: 0
      objectReference: {fileID: 0}
    - target: {fileID: 4964235718790693376, guid: 442b9eb3bd1ef534daecb3091ea6ee8c, type: 3}
      propertyPath: m_LocalEulerAnglesHint.y
      value: 0
      objectReference: {fileID: 0}
    - target: {fileID: 4964235718790693376, guid: 442b9eb3bd1ef534daecb3091ea6ee8c, type: 3}
      propertyPath: m_LocalEulerAnglesHint.z
      value: 0
      objectReference: {fileID: 0}
    - target: {fileID: 7844642775324358980, guid: 442b9eb3bd1ef534daecb3091ea6ee8c, type: 3}
      propertyPath: m_StaticEditorFlags
      value: 2147483647
      objectReference: {fileID: 0}
    - target: {fileID: 7844642776071166532, guid: 442b9eb3bd1ef534daecb3091ea6ee8c, type: 3}
      propertyPath: m_StaticEditorFlags
      value: 2147483647
      objectReference: {fileID: 0}
    - target: {fileID: 7844642776584466824, guid: 442b9eb3bd1ef534daecb3091ea6ee8c, type: 3}
      propertyPath: m_StaticEditorFlags
      value: 2147483647
      objectReference: {fileID: 0}
    m_RemovedComponents: []
  m_SourcePrefab: {fileID: 100100000, guid: 442b9eb3bd1ef534daecb3091ea6ee8c, type: 3}
--- !u!4 &2574183757529321268 stripped
Transform:
  m_CorrespondingSourceObject: {fileID: 4964235718790693376, guid: 442b9eb3bd1ef534daecb3091ea6ee8c, type: 3}
  m_PrefabInstance: {fileID: 7448342904060169524}
  m_PrefabAsset: {fileID: 0}
--- !u!1001 &7448342904170103501
PrefabInstance:
  m_ObjectHideFlags: 0
  serializedVersion: 2
  m_Modification:
    m_TransformParent: {fileID: 7448342904227859412}
    m_Modifications:
    - target: {fileID: 7336114536649369105, guid: fcf1751eda018dd469887a125b69a7cb, type: 3}
      propertyPath: m_Name
      value: large_torch
      objectReference: {fileID: 0}
    - target: {fileID: 7963716411210136747, guid: fcf1751eda018dd469887a125b69a7cb, type: 3}
      propertyPath: m_RootOrder
      value: 22
      objectReference: {fileID: 0}
    - target: {fileID: 7963716411210136747, guid: fcf1751eda018dd469887a125b69a7cb, type: 3}
      propertyPath: m_LocalPosition.x
      value: 17.506454
      objectReference: {fileID: 0}
    - target: {fileID: 7963716411210136747, guid: fcf1751eda018dd469887a125b69a7cb, type: 3}
      propertyPath: m_LocalPosition.y
      value: 0.29999924
      objectReference: {fileID: 0}
    - target: {fileID: 7963716411210136747, guid: fcf1751eda018dd469887a125b69a7cb, type: 3}
      propertyPath: m_LocalPosition.z
      value: 9.429779
      objectReference: {fileID: 0}
    - target: {fileID: 7963716411210136747, guid: fcf1751eda018dd469887a125b69a7cb, type: 3}
      propertyPath: m_LocalRotation.w
      value: 1
      objectReference: {fileID: 0}
    - target: {fileID: 7963716411210136747, guid: fcf1751eda018dd469887a125b69a7cb, type: 3}
      propertyPath: m_LocalRotation.x
      value: -0
      objectReference: {fileID: 0}
    - target: {fileID: 7963716411210136747, guid: fcf1751eda018dd469887a125b69a7cb, type: 3}
      propertyPath: m_LocalRotation.y
      value: -0
      objectReference: {fileID: 0}
    - target: {fileID: 7963716411210136747, guid: fcf1751eda018dd469887a125b69a7cb, type: 3}
      propertyPath: m_LocalRotation.z
      value: -0
      objectReference: {fileID: 0}
    - target: {fileID: 7963716411210136747, guid: fcf1751eda018dd469887a125b69a7cb, type: 3}
      propertyPath: m_LocalEulerAnglesHint.x
      value: 0
      objectReference: {fileID: 0}
    - target: {fileID: 7963716411210136747, guid: fcf1751eda018dd469887a125b69a7cb, type: 3}
      propertyPath: m_LocalEulerAnglesHint.y
      value: 0
      objectReference: {fileID: 0}
    - target: {fileID: 7963716411210136747, guid: fcf1751eda018dd469887a125b69a7cb, type: 3}
      propertyPath: m_LocalEulerAnglesHint.z
      value: 0
      objectReference: {fileID: 0}
    m_RemovedComponents: []
  m_SourcePrefab: {fileID: 100100000, guid: fcf1751eda018dd469887a125b69a7cb, type: 3}
--- !u!4 &709626494342446694 stripped
Transform:
  m_CorrespondingSourceObject: {fileID: 7963716411210136747, guid: fcf1751eda018dd469887a125b69a7cb, type: 3}
  m_PrefabInstance: {fileID: 7448342904170103501}
  m_PrefabAsset: {fileID: 0}
--- !u!1001 &7448342904429141226
PrefabInstance:
  m_ObjectHideFlags: 0
  serializedVersion: 2
  m_Modification:
    m_TransformParent: {fileID: 7448342904227859412}
    m_Modifications:
    - target: {fileID: 2450090480854773110, guid: b469484eee34ea948a0e9ebf96e51d18, type: 3}
      propertyPath: m_Name
      value: Blood_Pool
      objectReference: {fileID: 0}
    - target: {fileID: 2975657672530622412, guid: b469484eee34ea948a0e9ebf96e51d18, type: 3}
      propertyPath: m_RootOrder
      value: 18
      objectReference: {fileID: 0}
    - target: {fileID: 2975657672530622412, guid: b469484eee34ea948a0e9ebf96e51d18, type: 3}
      propertyPath: m_LocalPosition.x
      value: -6.2542114
      objectReference: {fileID: 0}
    - target: {fileID: 2975657672530622412, guid: b469484eee34ea948a0e9ebf96e51d18, type: 3}
      propertyPath: m_LocalPosition.y
      value: 0.2749977
      objectReference: {fileID: 0}
    - target: {fileID: 2975657672530622412, guid: b469484eee34ea948a0e9ebf96e51d18, type: 3}
      propertyPath: m_LocalPosition.z
      value: -20.796402
      objectReference: {fileID: 0}
    - target: {fileID: 2975657672530622412, guid: b469484eee34ea948a0e9ebf96e51d18, type: 3}
      propertyPath: m_LocalRotation.w
      value: -0.9483978
      objectReference: {fileID: 0}
    - target: {fileID: 2975657672530622412, guid: b469484eee34ea948a0e9ebf96e51d18, type: 3}
      propertyPath: m_LocalRotation.x
      value: -0
      objectReference: {fileID: 0}
    - target: {fileID: 2975657672530622412, guid: b469484eee34ea948a0e9ebf96e51d18, type: 3}
      propertyPath: m_LocalRotation.y
      value: 0.31708303
      objectReference: {fileID: 0}
    - target: {fileID: 2975657672530622412, guid: b469484eee34ea948a0e9ebf96e51d18, type: 3}
      propertyPath: m_LocalRotation.z
      value: -0
      objectReference: {fileID: 0}
    - target: {fileID: 2975657672530622412, guid: b469484eee34ea948a0e9ebf96e51d18, type: 3}
      propertyPath: m_LocalEulerAnglesHint.x
      value: 0
      objectReference: {fileID: 0}
    - target: {fileID: 2975657672530622412, guid: b469484eee34ea948a0e9ebf96e51d18, type: 3}
      propertyPath: m_LocalEulerAnglesHint.y
      value: 323.027
      objectReference: {fileID: 0}
    - target: {fileID: 2975657672530622412, guid: b469484eee34ea948a0e9ebf96e51d18, type: 3}
      propertyPath: m_LocalEulerAnglesHint.z
      value: 0
      objectReference: {fileID: 0}
    m_RemovedComponents: []
  m_SourcePrefab: {fileID: 100100000, guid: b469484eee34ea948a0e9ebf96e51d18, type: 3}
--- !u!4 &5626821723699981094 stripped
Transform:
  m_CorrespondingSourceObject: {fileID: 2975657672530622412, guid: b469484eee34ea948a0e9ebf96e51d18, type: 3}
  m_PrefabInstance: {fileID: 7448342904429141226}
  m_PrefabAsset: {fileID: 0}
--- !u!1001 &7448342904604564932
PrefabInstance:
  m_ObjectHideFlags: 0
  serializedVersion: 2
  m_Modification:
    m_TransformParent: {fileID: 7448342904227859412}
    m_Modifications:
    - target: {fileID: 1635201070512417237, guid: f2becaa90079338479ebca49a47f9b8e, type: 3}
      propertyPath: m_StaticEditorFlags
      value: 2147483647
      objectReference: {fileID: 0}
    - target: {fileID: 6951163058595564470, guid: f2becaa90079338479ebca49a47f9b8e, type: 3}
      propertyPath: m_RootOrder
      value: 0
      objectReference: {fileID: 0}
    - target: {fileID: 6951163058595564470, guid: f2becaa90079338479ebca49a47f9b8e, type: 3}
      propertyPath: m_LocalPosition.x
      value: 3.0400085
      objectReference: {fileID: 0}
    - target: {fileID: 6951163058595564470, guid: f2becaa90079338479ebca49a47f9b8e, type: 3}
      propertyPath: m_LocalPosition.y
      value: 0.30000305
      objectReference: {fileID: 0}
    - target: {fileID: 6951163058595564470, guid: f2becaa90079338479ebca49a47f9b8e, type: 3}
      propertyPath: m_LocalPosition.z
      value: -16.69434
      objectReference: {fileID: 0}
    - target: {fileID: 6951163058595564470, guid: f2becaa90079338479ebca49a47f9b8e, type: 3}
      propertyPath: m_LocalRotation.w
      value: 1
      objectReference: {fileID: 0}
    - target: {fileID: 6951163058595564470, guid: f2becaa90079338479ebca49a47f9b8e, type: 3}
      propertyPath: m_LocalRotation.x
      value: -0
      objectReference: {fileID: 0}
    - target: {fileID: 6951163058595564470, guid: f2becaa90079338479ebca49a47f9b8e, type: 3}
      propertyPath: m_LocalRotation.y
      value: -0
      objectReference: {fileID: 0}
    - target: {fileID: 6951163058595564470, guid: f2becaa90079338479ebca49a47f9b8e, type: 3}
      propertyPath: m_LocalRotation.z
      value: -0
      objectReference: {fileID: 0}
    - target: {fileID: 6951163058595564470, guid: f2becaa90079338479ebca49a47f9b8e, type: 3}
      propertyPath: m_LocalEulerAnglesHint.x
      value: 0
      objectReference: {fileID: 0}
    - target: {fileID: 6951163058595564470, guid: f2becaa90079338479ebca49a47f9b8e, type: 3}
      propertyPath: m_LocalEulerAnglesHint.y
      value: 0
      objectReference: {fileID: 0}
    - target: {fileID: 6951163058595564470, guid: f2becaa90079338479ebca49a47f9b8e, type: 3}
      propertyPath: m_LocalEulerAnglesHint.z
      value: 0
      objectReference: {fileID: 0}
    - target: {fileID: 7727241643557409036, guid: f2becaa90079338479ebca49a47f9b8e, type: 3}
      propertyPath: m_Name
      value: Pillar_with_Border-0-Room_Asset (2)
      objectReference: {fileID: 0}
    - target: {fileID: 7727241643557409036, guid: f2becaa90079338479ebca49a47f9b8e, type: 3}
      propertyPath: m_StaticEditorFlags
      value: 2147483647
      objectReference: {fileID: 0}
    m_RemovedComponents: []
  m_SourcePrefab: {fileID: 100100000, guid: f2becaa90079338479ebca49a47f9b8e, type: 3}
--- !u!4 &516411550494987890 stripped
Transform:
  m_CorrespondingSourceObject: {fileID: 6951163058595564470, guid: f2becaa90079338479ebca49a47f9b8e, type: 3}
  m_PrefabInstance: {fileID: 7448342904604564932}
  m_PrefabAsset: {fileID: 0}
--- !u!1001 &7448342904705559497
PrefabInstance:
  m_ObjectHideFlags: 0
  serializedVersion: 2
  m_Modification:
    m_TransformParent: {fileID: 7448342904227859412}
    m_Modifications:
    - target: {fileID: 1838944001481778041, guid: adc33051cb840ea409fcad8495d4c0e2, type: 3}
      propertyPath: m_StaticEditorFlags
      value: 2147483647
      objectReference: {fileID: 0}
    - target: {fileID: 1838944001839346481, guid: adc33051cb840ea409fcad8495d4c0e2, type: 3}
      propertyPath: m_StaticEditorFlags
      value: 2147483647
      objectReference: {fileID: 0}
    - target: {fileID: 7208281905929345952, guid: adc33051cb840ea409fcad8495d4c0e2, type: 3}
      propertyPath: m_StaticEditorFlags
      value: 2147483647
      objectReference: {fileID: 0}
    - target: {fileID: 7208281906244963304, guid: adc33051cb840ea409fcad8495d4c0e2, type: 3}
      propertyPath: m_StaticEditorFlags
      value: 2147483647
      objectReference: {fileID: 0}
    - target: {fileID: 8253884314524736930, guid: adc33051cb840ea409fcad8495d4c0e2, type: 3}
      propertyPath: m_Name
      value: Ceiling_2_x_1
      objectReference: {fileID: 0}
    - target: {fileID: 8253884314524736930, guid: adc33051cb840ea409fcad8495d4c0e2, type: 3}
      propertyPath: m_StaticEditorFlags
      value: 2147483647
      objectReference: {fileID: 0}
    - target: {fileID: 8253884314524736931, guid: adc33051cb840ea409fcad8495d4c0e2, type: 3}
      propertyPath: m_RootOrder
      value: 17
      objectReference: {fileID: 0}
    - target: {fileID: 8253884314524736931, guid: adc33051cb840ea409fcad8495d4c0e2, type: 3}
      propertyPath: m_LocalPosition.x
      value: 0.2000122
      objectReference: {fileID: 0}
    - target: {fileID: 8253884314524736931, guid: adc33051cb840ea409fcad8495d4c0e2, type: 3}
      propertyPath: m_LocalPosition.y
      value: 12.599998
      objectReference: {fileID: 0}
    - target: {fileID: 8253884314524736931, guid: adc33051cb840ea409fcad8495d4c0e2, type: 3}
      propertyPath: m_LocalPosition.z
      value: -25.200012
      objectReference: {fileID: 0}
    - target: {fileID: 8253884314524736931, guid: adc33051cb840ea409fcad8495d4c0e2, type: 3}
      propertyPath: m_LocalRotation.w
      value: 1
      objectReference: {fileID: 0}
    - target: {fileID: 8253884314524736931, guid: adc33051cb840ea409fcad8495d4c0e2, type: 3}
      propertyPath: m_LocalRotation.x
      value: -0
      objectReference: {fileID: 0}
    - target: {fileID: 8253884314524736931, guid: adc33051cb840ea409fcad8495d4c0e2, type: 3}
      propertyPath: m_LocalRotation.y
      value: -0
      objectReference: {fileID: 0}
    - target: {fileID: 8253884314524736931, guid: adc33051cb840ea409fcad8495d4c0e2, type: 3}
      propertyPath: m_LocalRotation.z
      value: -0
      objectReference: {fileID: 0}
    - target: {fileID: 8253884314524736931, guid: adc33051cb840ea409fcad8495d4c0e2, type: 3}
      propertyPath: m_LocalEulerAnglesHint.x
      value: 0
      objectReference: {fileID: 0}
    - target: {fileID: 8253884314524736931, guid: adc33051cb840ea409fcad8495d4c0e2, type: 3}
      propertyPath: m_LocalEulerAnglesHint.y
      value: 0
      objectReference: {fileID: 0}
    - target: {fileID: 8253884314524736931, guid: adc33051cb840ea409fcad8495d4c0e2, type: 3}
      propertyPath: m_LocalEulerAnglesHint.z
      value: 0
      objectReference: {fileID: 0}
    m_RemovedComponents: []
  m_SourcePrefab: {fileID: 100100000, guid: adc33051cb840ea409fcad8495d4c0e2, type: 3}
--- !u!4 &1573555505575294570 stripped
Transform:
  m_CorrespondingSourceObject: {fileID: 8253884314524736931, guid: adc33051cb840ea409fcad8495d4c0e2, type: 3}
  m_PrefabInstance: {fileID: 7448342904705559497}
  m_PrefabAsset: {fileID: 0}
--- !u!1001 &7448342904817938112
PrefabInstance:
  m_ObjectHideFlags: 0
  serializedVersion: 2
  m_Modification:
    m_TransformParent: {fileID: 7448342904227859412}
    m_Modifications:
    - target: {fileID: 1554561303052536259, guid: 2f361b5b51636fb49bb9360ba4f80fce, type: 3}
      propertyPath: m_Name
      value: Room_Side_Right
      objectReference: {fileID: 0}
    - target: {fileID: 1554561303052536259, guid: 2f361b5b51636fb49bb9360ba4f80fce, type: 3}
      propertyPath: m_StaticEditorFlags
      value: 2147483647
      objectReference: {fileID: 0}
    - target: {fileID: 2222871561033192313, guid: 2f361b5b51636fb49bb9360ba4f80fce, type: 3}
      propertyPath: m_RootOrder
      value: 2
      objectReference: {fileID: 0}
    - target: {fileID: 2222871561033192313, guid: 2f361b5b51636fb49bb9360ba4f80fce, type: 3}
      propertyPath: m_LocalPosition.x
      value: 12.75
      objectReference: {fileID: 0}
    - target: {fileID: 2222871561033192313, guid: 2f361b5b51636fb49bb9360ba4f80fce, type: 3}
      propertyPath: m_LocalPosition.y
      value: 0
      objectReference: {fileID: 0}
    - target: {fileID: 2222871561033192313, guid: 2f361b5b51636fb49bb9360ba4f80fce, type: 3}
      propertyPath: m_LocalPosition.z
      value: -12.400002
      objectReference: {fileID: 0}
    - target: {fileID: 2222871561033192313, guid: 2f361b5b51636fb49bb9360ba4f80fce, type: 3}
      propertyPath: m_LocalRotation.w
      value: 0
      objectReference: {fileID: 0}
    - target: {fileID: 2222871561033192313, guid: 2f361b5b51636fb49bb9360ba4f80fce, type: 3}
      propertyPath: m_LocalRotation.x
      value: -0
      objectReference: {fileID: 0}
    - target: {fileID: 2222871561033192313, guid: 2f361b5b51636fb49bb9360ba4f80fce, type: 3}
      propertyPath: m_LocalRotation.y
      value: -1
      objectReference: {fileID: 0}
    - target: {fileID: 2222871561033192313, guid: 2f361b5b51636fb49bb9360ba4f80fce, type: 3}
      propertyPath: m_LocalRotation.z
      value: -0
      objectReference: {fileID: 0}
    - target: {fileID: 2222871561033192313, guid: 2f361b5b51636fb49bb9360ba4f80fce, type: 3}
      propertyPath: m_LocalEulerAnglesHint.x
      value: 0
      objectReference: {fileID: 0}
    - target: {fileID: 2222871561033192313, guid: 2f361b5b51636fb49bb9360ba4f80fce, type: 3}
      propertyPath: m_LocalEulerAnglesHint.y
      value: -180
      objectReference: {fileID: 0}
    - target: {fileID: 2222871561033192313, guid: 2f361b5b51636fb49bb9360ba4f80fce, type: 3}
      propertyPath: m_LocalEulerAnglesHint.z
      value: 0
      objectReference: {fileID: 0}
    - target: {fileID: 7502753594205057306, guid: 2f361b5b51636fb49bb9360ba4f80fce, type: 3}
      propertyPath: m_StaticEditorFlags
      value: 2147483647
      objectReference: {fileID: 0}
    m_RemovedComponents: []
  m_SourcePrefab: {fileID: 100100000, guid: 2f361b5b51636fb49bb9360ba4f80fce, type: 3}
--- !u!4 &8756384713793011129 stripped
Transform:
  m_CorrespondingSourceObject: {fileID: 2222871561033192313, guid: 2f361b5b51636fb49bb9360ba4f80fce, type: 3}
  m_PrefabInstance: {fileID: 7448342904817938112}
  m_PrefabAsset: {fileID: 0}
--- !u!1001 &7448342904905114375
PrefabInstance:
  m_ObjectHideFlags: 0
  serializedVersion: 2
  m_Modification:
    m_TransformParent: {fileID: 7448342904227859412}
    m_Modifications:
    - target: {fileID: 8217686501960628887, guid: 496803066c69ddb4e999351e323507c0, type: 3}
      propertyPath: m_StaticEditorFlags
      value: 2147483647
      objectReference: {fileID: 0}
    - target: {fileID: 8217686503440498482, guid: 496803066c69ddb4e999351e323507c0, type: 3}
      propertyPath: m_RootOrder
      value: 10
      objectReference: {fileID: 0}
    - target: {fileID: 8217686503440498482, guid: 496803066c69ddb4e999351e323507c0, type: 3}
      propertyPath: m_LocalPosition.x
      value: -12.5
      objectReference: {fileID: 0}
    - target: {fileID: 8217686503440498482, guid: 496803066c69ddb4e999351e323507c0, type: 3}
      propertyPath: m_LocalPosition.y
      value: 0
      objectReference: {fileID: 0}
    - target: {fileID: 8217686503440498482, guid: 496803066c69ddb4e999351e323507c0, type: 3}
      propertyPath: m_LocalPosition.z
      value: 0.40000153
      objectReference: {fileID: 0}
    - target: {fileID: 8217686503440498482, guid: 496803066c69ddb4e999351e323507c0, type: 3}
      propertyPath: m_LocalRotation.w
      value: 1
      objectReference: {fileID: 0}
    - target: {fileID: 8217686503440498482, guid: 496803066c69ddb4e999351e323507c0, type: 3}
      propertyPath: m_LocalRotation.x
      value: -0
      objectReference: {fileID: 0}
    - target: {fileID: 8217686503440498482, guid: 496803066c69ddb4e999351e323507c0, type: 3}
      propertyPath: m_LocalRotation.y
      value: -0
      objectReference: {fileID: 0}
    - target: {fileID: 8217686503440498482, guid: 496803066c69ddb4e999351e323507c0, type: 3}
      propertyPath: m_LocalRotation.z
      value: -0
      objectReference: {fileID: 0}
    - target: {fileID: 8217686503440498482, guid: 496803066c69ddb4e999351e323507c0, type: 3}
      propertyPath: m_LocalEulerAnglesHint.x
      value: 0
      objectReference: {fileID: 0}
    - target: {fileID: 8217686503440498482, guid: 496803066c69ddb4e999351e323507c0, type: 3}
      propertyPath: m_LocalEulerAnglesHint.y
      value: 0
      objectReference: {fileID: 0}
    - target: {fileID: 8217686503440498482, guid: 496803066c69ddb4e999351e323507c0, type: 3}
      propertyPath: m_LocalEulerAnglesHint.z
      value: 0
      objectReference: {fileID: 0}
    - target: {fileID: 8217686503440498483, guid: 496803066c69ddb4e999351e323507c0, type: 3}
      propertyPath: m_Name
      value: Room_Corner_left_front (2)
      objectReference: {fileID: 0}
    - target: {fileID: 8217686503440498483, guid: 496803066c69ddb4e999351e323507c0, type: 3}
      propertyPath: m_StaticEditorFlags
      value: 2147483647
      objectReference: {fileID: 0}
    m_RemovedComponents: []
  m_SourcePrefab: {fileID: 100100000, guid: 496803066c69ddb4e999351e323507c0, type: 3}
--- !u!4 &1537629891203963957 stripped
Transform:
  m_CorrespondingSourceObject: {fileID: 8217686503440498482, guid: 496803066c69ddb4e999351e323507c0, type: 3}
  m_PrefabInstance: {fileID: 7448342904905114375}
  m_PrefabAsset: {fileID: 0}
--- !u!1001 &7448342905037232660
PrefabInstance:
  m_ObjectHideFlags: 0
  serializedVersion: 2
  m_Modification:
    m_TransformParent: {fileID: 7448342904227859412}
    m_Modifications:
    - target: {fileID: 2450090480854773110, guid: b469484eee34ea948a0e9ebf96e51d18, type: 3}
      propertyPath: m_Name
      value: Blood_Pool (1)
      objectReference: {fileID: 0}
    - target: {fileID: 2975657672530622412, guid: b469484eee34ea948a0e9ebf96e51d18, type: 3}
      propertyPath: m_RootOrder
      value: 19
      objectReference: {fileID: 0}
    - target: {fileID: 2975657672530622412, guid: b469484eee34ea948a0e9ebf96e51d18, type: 3}
      propertyPath: m_LocalPosition.x
      value: 6.8300095
      objectReference: {fileID: 0}
    - target: {fileID: 2975657672530622412, guid: b469484eee34ea948a0e9ebf96e51d18, type: 3}
      propertyPath: m_LocalPosition.y
      value: 0.2749977
      objectReference: {fileID: 0}
    - target: {fileID: 2975657672530622412, guid: b469484eee34ea948a0e9ebf96e51d18, type: 3}
      propertyPath: m_LocalPosition.z
      value: -20.796402
      objectReference: {fileID: 0}
    - target: {fileID: 2975657672530622412, guid: b469484eee34ea948a0e9ebf96e51d18, type: 3}
      propertyPath: m_LocalRotation.w
      value: -0.54943156
      objectReference: {fileID: 0}
    - target: {fileID: 2975657672530622412, guid: b469484eee34ea948a0e9ebf96e51d18, type: 3}
      propertyPath: m_LocalRotation.x
      value: -0
      objectReference: {fileID: 0}
    - target: {fileID: 2975657672530622412, guid: b469484eee34ea948a0e9ebf96e51d18, type: 3}
      propertyPath: m_LocalRotation.y
      value: 0.83553874
      objectReference: {fileID: 0}
    - target: {fileID: 2975657672530622412, guid: b469484eee34ea948a0e9ebf96e51d18, type: 3}
      propertyPath: m_LocalRotation.z
      value: -0
      objectReference: {fileID: 0}
    - target: {fileID: 2975657672530622412, guid: b469484eee34ea948a0e9ebf96e51d18, type: 3}
      propertyPath: m_LocalEulerAnglesHint.x
      value: 0
      objectReference: {fileID: 0}
    - target: {fileID: 2975657672530622412, guid: b469484eee34ea948a0e9ebf96e51d18, type: 3}
      propertyPath: m_LocalEulerAnglesHint.y
      value: 246.656
      objectReference: {fileID: 0}
    - target: {fileID: 2975657672530622412, guid: b469484eee34ea948a0e9ebf96e51d18, type: 3}
      propertyPath: m_LocalEulerAnglesHint.z
      value: 0
      objectReference: {fileID: 0}
    m_RemovedComponents: []
  m_SourcePrefab: {fileID: 100100000, guid: b469484eee34ea948a0e9ebf96e51d18, type: 3}
--- !u!4 &5626821723242491352 stripped
Transform:
  m_CorrespondingSourceObject: {fileID: 2975657672530622412, guid: b469484eee34ea948a0e9ebf96e51d18, type: 3}
  m_PrefabInstance: {fileID: 7448342905037232660}
  m_PrefabAsset: {fileID: 0}
--- !u!1001 &7448342905046037148
PrefabInstance:
  m_ObjectHideFlags: 0
  serializedVersion: 2
  m_Modification:
    m_TransformParent: {fileID: 7448342904227859412}
    m_Modifications:
    - target: {fileID: 8090039114357258809, guid: 36debda1121ecb8499682bcf3847513f, type: 3}
      propertyPath: m_Name
      value: small_torch
      objectReference: {fileID: 0}
    - target: {fileID: 8867102896369950851, guid: 36debda1121ecb8499682bcf3847513f, type: 3}
      propertyPath: m_RootOrder
      value: 21
      objectReference: {fileID: 0}
    - target: {fileID: 8867102896369950851, guid: 36debda1121ecb8499682bcf3847513f, type: 3}
      propertyPath: m_LocalPosition.x
      value: 2.9900055
      objectReference: {fileID: 0}
    - target: {fileID: 8867102896369950851, guid: 36debda1121ecb8499682bcf3847513f, type: 3}
      propertyPath: m_LocalPosition.y
      value: 7.3650017
      objectReference: {fileID: 0}
    - target: {fileID: 8867102896369950851, guid: 36debda1121ecb8499682bcf3847513f, type: 3}
      propertyPath: m_LocalPosition.z
      value: 18.650665
      objectReference: {fileID: 0}
    - target: {fileID: 8867102896369950851, guid: 36debda1121ecb8499682bcf3847513f, type: 3}
      propertyPath: m_LocalRotation.w
      value: 0.7071068
      objectReference: {fileID: 0}
    - target: {fileID: 8867102896369950851, guid: 36debda1121ecb8499682bcf3847513f, type: 3}
      propertyPath: m_LocalRotation.x
      value: -0
      objectReference: {fileID: 0}
    - target: {fileID: 8867102896369950851, guid: 36debda1121ecb8499682bcf3847513f, type: 3}
      propertyPath: m_LocalRotation.y
      value: 0.7071068
      objectReference: {fileID: 0}
    - target: {fileID: 8867102896369950851, guid: 36debda1121ecb8499682bcf3847513f, type: 3}
      propertyPath: m_LocalRotation.z
      value: -0
      objectReference: {fileID: 0}
    - target: {fileID: 8867102896369950851, guid: 36debda1121ecb8499682bcf3847513f, type: 3}
      propertyPath: m_LocalEulerAnglesHint.x
      value: 0
      objectReference: {fileID: 0}
    - target: {fileID: 8867102896369950851, guid: 36debda1121ecb8499682bcf3847513f, type: 3}
      propertyPath: m_LocalEulerAnglesHint.y
      value: 90
      objectReference: {fileID: 0}
    - target: {fileID: 8867102896369950851, guid: 36debda1121ecb8499682bcf3847513f, type: 3}
      propertyPath: m_LocalEulerAnglesHint.z
      value: 0
      objectReference: {fileID: 0}
    m_RemovedComponents: []
  m_SourcePrefab: {fileID: 100100000, guid: 36debda1121ecb8499682bcf3847513f, type: 3}
--- !u!4 &2041137174105428511 stripped
Transform:
  m_CorrespondingSourceObject: {fileID: 8867102896369950851, guid: 36debda1121ecb8499682bcf3847513f, type: 3}
  m_PrefabInstance: {fileID: 7448342905046037148}
  m_PrefabAsset: {fileID: 0}
--- !u!1001 &7448342905084791972
PrefabInstance:
  m_ObjectHideFlags: 0
  serializedVersion: 2
  m_Modification:
    m_TransformParent: {fileID: 7448342904227859412}
    m_Modifications:
    - target: {fileID: 8217686501960628887, guid: 496803066c69ddb4e999351e323507c0, type: 3}
      propertyPath: m_StaticEditorFlags
      value: 2147483647
      objectReference: {fileID: 0}
    - target: {fileID: 8217686503440498482, guid: 496803066c69ddb4e999351e323507c0, type: 3}
      propertyPath: m_RootOrder
      value: 7
      objectReference: {fileID: 0}
    - target: {fileID: 8217686503440498482, guid: 496803066c69ddb4e999351e323507c0, type: 3}
      propertyPath: m_LocalPosition.x
      value: 0
      objectReference: {fileID: 0}
    - target: {fileID: 8217686503440498482, guid: 496803066c69ddb4e999351e323507c0, type: 3}
      propertyPath: m_LocalPosition.y
      value: 0
      objectReference: {fileID: 0}
    - target: {fileID: 8217686503440498482, guid: 496803066c69ddb4e999351e323507c0, type: 3}
      propertyPath: m_LocalPosition.z
      value: 12.800003
      objectReference: {fileID: 0}
    - target: {fileID: 8217686503440498482, guid: 496803066c69ddb4e999351e323507c0, type: 3}
      propertyPath: m_LocalRotation.w
      value: 1
      objectReference: {fileID: 0}
    - target: {fileID: 8217686503440498482, guid: 496803066c69ddb4e999351e323507c0, type: 3}
      propertyPath: m_LocalRotation.x
      value: -0
      objectReference: {fileID: 0}
    - target: {fileID: 8217686503440498482, guid: 496803066c69ddb4e999351e323507c0, type: 3}
      propertyPath: m_LocalRotation.y
      value: -0
      objectReference: {fileID: 0}
    - target: {fileID: 8217686503440498482, guid: 496803066c69ddb4e999351e323507c0, type: 3}
      propertyPath: m_LocalRotation.z
      value: -0
      objectReference: {fileID: 0}
    - target: {fileID: 8217686503440498482, guid: 496803066c69ddb4e999351e323507c0, type: 3}
      propertyPath: m_LocalEulerAnglesHint.x
      value: 0
      objectReference: {fileID: 0}
    - target: {fileID: 8217686503440498482, guid: 496803066c69ddb4e999351e323507c0, type: 3}
      propertyPath: m_LocalEulerAnglesHint.y
      value: 0
      objectReference: {fileID: 0}
    - target: {fileID: 8217686503440498482, guid: 496803066c69ddb4e999351e323507c0, type: 3}
      propertyPath: m_LocalEulerAnglesHint.z
      value: 0
      objectReference: {fileID: 0}
    - target: {fileID: 8217686503440498483, guid: 496803066c69ddb4e999351e323507c0, type: 3}
      propertyPath: m_Name
      value: Room_Corner_left_front (1)
      objectReference: {fileID: 0}
    - target: {fileID: 8217686503440498483, guid: 496803066c69ddb4e999351e323507c0, type: 3}
      propertyPath: m_StaticEditorFlags
      value: 2147483647
      objectReference: {fileID: 0}
    m_RemovedComponents: []
  m_SourcePrefab: {fileID: 100100000, guid: 496803066c69ddb4e999351e323507c0, type: 3}
--- !u!4 &1537629891383980950 stripped
Transform:
  m_CorrespondingSourceObject: {fileID: 8217686503440498482, guid: 496803066c69ddb4e999351e323507c0, type: 3}
  m_PrefabInstance: {fileID: 7448342905084791972}
  m_PrefabAsset: {fileID: 0}
--- !u!1001 &7448342905337547173
PrefabInstance:
  m_ObjectHideFlags: 0
  serializedVersion: 2
  m_Modification:
    m_TransformParent: {fileID: 7448342904227859412}
    m_Modifications:
    - target: {fileID: 286148860682561596, guid: df99fee254d06844b9ffbedda30537b3, type: 3}
      propertyPath: m_Name
      value: Room_Corner_right_front
      objectReference: {fileID: 0}
    - target: {fileID: 286148860682561596, guid: df99fee254d06844b9ffbedda30537b3, type: 3}
      propertyPath: m_StaticEditorFlags
      value: 2147483647
      objectReference: {fileID: 0}
    - target: {fileID: 286148860682561597, guid: df99fee254d06844b9ffbedda30537b3, type: 3}
      propertyPath: m_RootOrder
      value: 5
      objectReference: {fileID: 0}
    - target: {fileID: 286148860682561597, guid: df99fee254d06844b9ffbedda30537b3, type: 3}
      propertyPath: m_LocalPosition.x
      value: 12.800003
      objectReference: {fileID: 0}
    - target: {fileID: 286148860682561597, guid: df99fee254d06844b9ffbedda30537b3, type: 3}
      propertyPath: m_LocalPosition.y
      value: 0
      objectReference: {fileID: 0}
    - target: {fileID: 286148860682561597, guid: df99fee254d06844b9ffbedda30537b3, type: 3}
      propertyPath: m_LocalPosition.z
      value: 12.800003
      objectReference: {fileID: 0}
    - target: {fileID: 286148860682561597, guid: df99fee254d06844b9ffbedda30537b3, type: 3}
      propertyPath: m_LocalRotation.w
      value: 0.7071068
      objectReference: {fileID: 0}
    - target: {fileID: 286148860682561597, guid: df99fee254d06844b9ffbedda30537b3, type: 3}
      propertyPath: m_LocalRotation.x
      value: -0
      objectReference: {fileID: 0}
    - target: {fileID: 286148860682561597, guid: df99fee254d06844b9ffbedda30537b3, type: 3}
      propertyPath: m_LocalRotation.y
      value: 0.7071068
      objectReference: {fileID: 0}
    - target: {fileID: 286148860682561597, guid: df99fee254d06844b9ffbedda30537b3, type: 3}
      propertyPath: m_LocalRotation.z
      value: -0
      objectReference: {fileID: 0}
    - target: {fileID: 286148860682561597, guid: df99fee254d06844b9ffbedda30537b3, type: 3}
      propertyPath: m_LocalEulerAnglesHint.x
      value: 0
      objectReference: {fileID: 0}
    - target: {fileID: 286148860682561597, guid: df99fee254d06844b9ffbedda30537b3, type: 3}
      propertyPath: m_LocalEulerAnglesHint.y
      value: 0
      objectReference: {fileID: 0}
    - target: {fileID: 286148860682561597, guid: df99fee254d06844b9ffbedda30537b3, type: 3}
      propertyPath: m_LocalEulerAnglesHint.z
      value: 0
      objectReference: {fileID: 0}
    - target: {fileID: 286148860876140573, guid: df99fee254d06844b9ffbedda30537b3, type: 3}
      propertyPath: m_StaticEditorFlags
      value: 2147483647
      objectReference: {fileID: 0}
    m_RemovedComponents: []
  m_SourcePrefab: {fileID: 100100000, guid: df99fee254d06844b9ffbedda30537b3, type: 3}
--- !u!4 &7252289325590634904 stripped
Transform:
  m_CorrespondingSourceObject: {fileID: 286148860682561597, guid: df99fee254d06844b9ffbedda30537b3, type: 3}
  m_PrefabInstance: {fileID: 7448342905337547173}
  m_PrefabAsset: {fileID: 0}
--- !u!1001 &7448342905359065075
PrefabInstance:
  m_ObjectHideFlags: 0
  serializedVersion: 2
  m_Modification:
    m_TransformParent: {fileID: 7448342904227859412}
    m_Modifications:
    - target: {fileID: 1838944001481778041, guid: adc33051cb840ea409fcad8495d4c0e2, type: 3}
      propertyPath: m_StaticEditorFlags
      value: 2147483647
      objectReference: {fileID: 0}
    - target: {fileID: 1838944001839346481, guid: adc33051cb840ea409fcad8495d4c0e2, type: 3}
      propertyPath: m_StaticEditorFlags
      value: 2147483647
      objectReference: {fileID: 0}
    - target: {fileID: 7208281905929345952, guid: adc33051cb840ea409fcad8495d4c0e2, type: 3}
      propertyPath: m_StaticEditorFlags
      value: 2147483647
      objectReference: {fileID: 0}
    - target: {fileID: 7208281906244963304, guid: adc33051cb840ea409fcad8495d4c0e2, type: 3}
      propertyPath: m_StaticEditorFlags
      value: 2147483647
      objectReference: {fileID: 0}
    - target: {fileID: 8253884314524736930, guid: adc33051cb840ea409fcad8495d4c0e2, type: 3}
      propertyPath: m_Name
      value: Ceiling_2_x_1 (2)
      objectReference: {fileID: 0}
    - target: {fileID: 8253884314524736930, guid: adc33051cb840ea409fcad8495d4c0e2, type: 3}
      propertyPath: m_StaticEditorFlags
      value: 2147483647
      objectReference: {fileID: 0}
    - target: {fileID: 8253884314524736931, guid: adc33051cb840ea409fcad8495d4c0e2, type: 3}
      propertyPath: m_RootOrder
      value: 15
      objectReference: {fileID: 0}
    - target: {fileID: 8253884314524736931, guid: adc33051cb840ea409fcad8495d4c0e2, type: 3}
      propertyPath: m_LocalPosition.x
      value: 0.2000122
      objectReference: {fileID: 0}
    - target: {fileID: 8253884314524736931, guid: adc33051cb840ea409fcad8495d4c0e2, type: 3}
      propertyPath: m_LocalPosition.y
      value: 12.599998
      objectReference: {fileID: 0}
    - target: {fileID: 8253884314524736931, guid: adc33051cb840ea409fcad8495d4c0e2, type: 3}
      propertyPath: m_LocalPosition.z
      value: 0.4099884
      objectReference: {fileID: 0}
    - target: {fileID: 8253884314524736931, guid: adc33051cb840ea409fcad8495d4c0e2, type: 3}
      propertyPath: m_LocalRotation.w
      value: 1
      objectReference: {fileID: 0}
    - target: {fileID: 8253884314524736931, guid: adc33051cb840ea409fcad8495d4c0e2, type: 3}
      propertyPath: m_LocalRotation.x
      value: -0
      objectReference: {fileID: 0}
    - target: {fileID: 8253884314524736931, guid: adc33051cb840ea409fcad8495d4c0e2, type: 3}
      propertyPath: m_LocalRotation.y
      value: -0
      objectReference: {fileID: 0}
    - target: {fileID: 8253884314524736931, guid: adc33051cb840ea409fcad8495d4c0e2, type: 3}
      propertyPath: m_LocalRotation.z
      value: -0
      objectReference: {fileID: 0}
    - target: {fileID: 8253884314524736931, guid: adc33051cb840ea409fcad8495d4c0e2, type: 3}
      propertyPath: m_LocalEulerAnglesHint.x
      value: 0
      objectReference: {fileID: 0}
    - target: {fileID: 8253884314524736931, guid: adc33051cb840ea409fcad8495d4c0e2, type: 3}
      propertyPath: m_LocalEulerAnglesHint.y
      value: 0
      objectReference: {fileID: 0}
    - target: {fileID: 8253884314524736931, guid: adc33051cb840ea409fcad8495d4c0e2, type: 3}
      propertyPath: m_LocalEulerAnglesHint.z
      value: 0
      objectReference: {fileID: 0}
    m_RemovedComponents: []
  m_SourcePrefab: {fileID: 100100000, guid: adc33051cb840ea409fcad8495d4c0e2, type: 3}
--- !u!4 &1573555506231902800 stripped
Transform:
  m_CorrespondingSourceObject: {fileID: 8253884314524736931, guid: adc33051cb840ea409fcad8495d4c0e2, type: 3}
  m_PrefabInstance: {fileID: 7448342905359065075}
  m_PrefabAsset: {fileID: 0}
--- !u!1001 &7448342905433169864
PrefabInstance:
  m_ObjectHideFlags: 0
  serializedVersion: 2
  m_Modification:
    m_TransformParent: {fileID: 7448342904227859412}
    m_Modifications:
    - target: {fileID: 8057865727190624653, guid: c8a192287fcc8d146a443cd059eabbf1, type: 3}
      propertyPath: m_StaticEditorFlags
      value: 2147483647
      objectReference: {fileID: 0}
    - target: {fileID: 8057865727957670814, guid: c8a192287fcc8d146a443cd059eabbf1, type: 3}
      propertyPath: m_Name
      value: Room_Corner_right_back (2)
      objectReference: {fileID: 0}
    - target: {fileID: 8057865727957670814, guid: c8a192287fcc8d146a443cd059eabbf1, type: 3}
      propertyPath: m_StaticEditorFlags
      value: 2147483647
      objectReference: {fileID: 0}
    - target: {fileID: 8057865727957670815, guid: c8a192287fcc8d146a443cd059eabbf1, type: 3}
      propertyPath: m_RootOrder
      value: 6
      objectReference: {fileID: 0}
    - target: {fileID: 8057865727957670815, guid: c8a192287fcc8d146a443cd059eabbf1, type: 3}
      propertyPath: m_LocalPosition.x
      value: 12.75
      objectReference: {fileID: 0}
    - target: {fileID: 8057865727957670815, guid: c8a192287fcc8d146a443cd059eabbf1, type: 3}
      propertyPath: m_LocalPosition.y
      value: 0
      objectReference: {fileID: 0}
    - target: {fileID: 8057865727957670815, guid: c8a192287fcc8d146a443cd059eabbf1, type: 3}
      propertyPath: m_LocalPosition.z
      value: -25.200005
      objectReference: {fileID: 0}
    - target: {fileID: 8057865727957670815, guid: c8a192287fcc8d146a443cd059eabbf1, type: 3}
      propertyPath: m_LocalRotation.w
      value: 0
      objectReference: {fileID: 0}
    - target: {fileID: 8057865727957670815, guid: c8a192287fcc8d146a443cd059eabbf1, type: 3}
      propertyPath: m_LocalRotation.x
      value: -0
      objectReference: {fileID: 0}
    - target: {fileID: 8057865727957670815, guid: c8a192287fcc8d146a443cd059eabbf1, type: 3}
      propertyPath: m_LocalRotation.y
      value: 1
      objectReference: {fileID: 0}
    - target: {fileID: 8057865727957670815, guid: c8a192287fcc8d146a443cd059eabbf1, type: 3}
      propertyPath: m_LocalRotation.z
      value: -0
      objectReference: {fileID: 0}
    - target: {fileID: 8057865727957670815, guid: c8a192287fcc8d146a443cd059eabbf1, type: 3}
      propertyPath: m_LocalEulerAnglesHint.x
      value: 0
      objectReference: {fileID: 0}
    - target: {fileID: 8057865727957670815, guid: c8a192287fcc8d146a443cd059eabbf1, type: 3}
      propertyPath: m_LocalEulerAnglesHint.y
      value: 0
      objectReference: {fileID: 0}
    - target: {fileID: 8057865727957670815, guid: c8a192287fcc8d146a443cd059eabbf1, type: 3}
      propertyPath: m_LocalEulerAnglesHint.z
      value: 0
      objectReference: {fileID: 0}
    m_RemovedComponents: []
  m_SourcePrefab: {fileID: 100100000, guid: c8a192287fcc8d146a443cd059eabbf1, type: 3}
--- !u!4 &616604227733750871 stripped
Transform:
  m_CorrespondingSourceObject: {fileID: 8057865727957670815, guid: c8a192287fcc8d146a443cd059eabbf1, type: 3}
  m_PrefabInstance: {fileID: 7448342905433169864}
  m_PrefabAsset: {fileID: 0}
--- !u!1001 &7448342905508203317
PrefabInstance:
  m_ObjectHideFlags: 0
  serializedVersion: 2
  m_Modification:
    m_TransformParent: {fileID: 7448342904227859412}
    m_Modifications:
    - target: {fileID: 2445610151231412777, guid: a74c060c0ae26c24394f46264bafcf90, type: 3}
      propertyPath: m_RootOrder
      value: 3
      objectReference: {fileID: 0}
    - target: {fileID: 2445610151231412777, guid: a74c060c0ae26c24394f46264bafcf90, type: 3}
      propertyPath: m_LocalPosition.x
      value: -12.5
      objectReference: {fileID: 0}
    - target: {fileID: 2445610151231412777, guid: a74c060c0ae26c24394f46264bafcf90, type: 3}
      propertyPath: m_LocalPosition.y
      value: 0
      objectReference: {fileID: 0}
    - target: {fileID: 2445610151231412777, guid: a74c060c0ae26c24394f46264bafcf90, type: 3}
      propertyPath: m_LocalPosition.z
      value: -12.400002
      objectReference: {fileID: 0}
    - target: {fileID: 2445610151231412777, guid: a74c060c0ae26c24394f46264bafcf90, type: 3}
      propertyPath: m_LocalRotation.w
      value: 1
      objectReference: {fileID: 0}
    - target: {fileID: 2445610151231412777, guid: a74c060c0ae26c24394f46264bafcf90, type: 3}
      propertyPath: m_LocalRotation.x
      value: -0
      objectReference: {fileID: 0}
    - target: {fileID: 2445610151231412777, guid: a74c060c0ae26c24394f46264bafcf90, type: 3}
      propertyPath: m_LocalRotation.y
      value: -0
      objectReference: {fileID: 0}
    - target: {fileID: 2445610151231412777, guid: a74c060c0ae26c24394f46264bafcf90, type: 3}
      propertyPath: m_LocalRotation.z
      value: -0
      objectReference: {fileID: 0}
    - target: {fileID: 2445610151231412777, guid: a74c060c0ae26c24394f46264bafcf90, type: 3}
      propertyPath: m_LocalEulerAnglesHint.x
      value: 0
      objectReference: {fileID: 0}
    - target: {fileID: 2445610151231412777, guid: a74c060c0ae26c24394f46264bafcf90, type: 3}
      propertyPath: m_LocalEulerAnglesHint.y
      value: 0
      objectReference: {fileID: 0}
    - target: {fileID: 2445610151231412777, guid: a74c060c0ae26c24394f46264bafcf90, type: 3}
      propertyPath: m_LocalEulerAnglesHint.z
      value: 0
      objectReference: {fileID: 0}
    - target: {fileID: 3079157940612792467, guid: a74c060c0ae26c24394f46264bafcf90, type: 3}
      propertyPath: m_Name
      value: Room_Side_Left
      objectReference: {fileID: 0}
    - target: {fileID: 3079157940612792467, guid: a74c060c0ae26c24394f46264bafcf90, type: 3}
      propertyPath: m_StaticEditorFlags
      value: 2147483647
      objectReference: {fileID: 0}
    - target: {fileID: 6284375486305925194, guid: a74c060c0ae26c24394f46264bafcf90, type: 3}
      propertyPath: m_StaticEditorFlags
      value: 2147483647
      objectReference: {fileID: 0}
    m_RemovedComponents: []
  m_SourcePrefab: {fileID: 100100000, guid: a74c060c0ae26c24394f46264bafcf90, type: 3}
--- !u!4 &5092824685241094428 stripped
Transform:
  m_CorrespondingSourceObject: {fileID: 2445610151231412777, guid: a74c060c0ae26c24394f46264bafcf90, type: 3}
  m_PrefabInstance: {fileID: 7448342905508203317}
  m_PrefabAsset: {fileID: 0}
--- !u!1001 &7448342905604723321
PrefabInstance:
  m_ObjectHideFlags: 0
  serializedVersion: 2
  m_Modification:
    m_TransformParent: {fileID: 7448342904227859412}
    m_Modifications:
    - target: {fileID: 2445610151231412777, guid: a74c060c0ae26c24394f46264bafcf90, type: 3}
      propertyPath: m_RootOrder
      value: 12
      objectReference: {fileID: 0}
    - target: {fileID: 2445610151231412777, guid: a74c060c0ae26c24394f46264bafcf90, type: 3}
      propertyPath: m_LocalPosition.x
      value: 0
      objectReference: {fileID: 0}
    - target: {fileID: 2445610151231412777, guid: a74c060c0ae26c24394f46264bafcf90, type: 3}
      propertyPath: m_LocalPosition.y
      value: 0
      objectReference: {fileID: 0}
    - target: {fileID: 2445610151231412777, guid: a74c060c0ae26c24394f46264bafcf90, type: 3}
      propertyPath: m_LocalPosition.z
      value: 0
      objectReference: {fileID: 0}
    - target: {fileID: 2445610151231412777, guid: a74c060c0ae26c24394f46264bafcf90, type: 3}
      propertyPath: m_LocalRotation.w
      value: 1
      objectReference: {fileID: 0}
    - target: {fileID: 2445610151231412777, guid: a74c060c0ae26c24394f46264bafcf90, type: 3}
      propertyPath: m_LocalRotation.x
      value: -0
      objectReference: {fileID: 0}
    - target: {fileID: 2445610151231412777, guid: a74c060c0ae26c24394f46264bafcf90, type: 3}
      propertyPath: m_LocalRotation.y
      value: -0
      objectReference: {fileID: 0}
    - target: {fileID: 2445610151231412777, guid: a74c060c0ae26c24394f46264bafcf90, type: 3}
      propertyPath: m_LocalRotation.z
      value: -0
      objectReference: {fileID: 0}
    - target: {fileID: 2445610151231412777, guid: a74c060c0ae26c24394f46264bafcf90, type: 3}
      propertyPath: m_LocalEulerAnglesHint.x
      value: 0
      objectReference: {fileID: 0}
    - target: {fileID: 2445610151231412777, guid: a74c060c0ae26c24394f46264bafcf90, type: 3}
      propertyPath: m_LocalEulerAnglesHint.y
      value: 0
      objectReference: {fileID: 0}
    - target: {fileID: 2445610151231412777, guid: a74c060c0ae26c24394f46264bafcf90, type: 3}
      propertyPath: m_LocalEulerAnglesHint.z
      value: 0
      objectReference: {fileID: 0}
    - target: {fileID: 3079157940612792467, guid: a74c060c0ae26c24394f46264bafcf90, type: 3}
      propertyPath: m_Name
      value: Room_Side_Left (2)
      objectReference: {fileID: 0}
    - target: {fileID: 3079157940612792467, guid: a74c060c0ae26c24394f46264bafcf90, type: 3}
      propertyPath: m_StaticEditorFlags
      value: 2147483647
      objectReference: {fileID: 0}
    - target: {fileID: 6284375486305925194, guid: a74c060c0ae26c24394f46264bafcf90, type: 3}
      propertyPath: m_StaticEditorFlags
      value: 2147483647
      objectReference: {fileID: 0}
    m_RemovedComponents: []
  m_SourcePrefab: {fileID: 100100000, guid: a74c060c0ae26c24394f46264bafcf90, type: 3}
--- !u!4 &5092824685303957584 stripped
Transform:
  m_CorrespondingSourceObject: {fileID: 2445610151231412777, guid: a74c060c0ae26c24394f46264bafcf90, type: 3}
  m_PrefabInstance: {fileID: 7448342905604723321}
  m_PrefabAsset: {fileID: 0}
--- !u!1001 &7448342905672537505
PrefabInstance:
  m_ObjectHideFlags: 0
  serializedVersion: 2
  m_Modification:
    m_TransformParent: {fileID: 7448342904227859412}
    m_Modifications:
    - target: {fileID: 1748377894068880269, guid: d16d89e05ad3d49458ed554ba33485aa, type: 3}
      propertyPath: m_StaticEditorFlags
      value: 2147483647
      objectReference: {fileID: 0}
    - target: {fileID: 7336002664166882132, guid: d16d89e05ad3d49458ed554ba33485aa, type: 3}
      propertyPath: m_Name
      value: Room_Side_Back
      objectReference: {fileID: 0}
    - target: {fileID: 7336002664166882132, guid: d16d89e05ad3d49458ed554ba33485aa, type: 3}
      propertyPath: m_StaticEditorFlags
      value: 2147483647
      objectReference: {fileID: 0}
    - target: {fileID: 7963884914993799662, guid: d16d89e05ad3d49458ed554ba33485aa, type: 3}
      propertyPath: m_RootOrder
      value: 4
      objectReference: {fileID: 0}
    - target: {fileID: 7963884914993799662, guid: d16d89e05ad3d49458ed554ba33485aa, type: 3}
      propertyPath: m_LocalPosition.x
      value: 0.30000305
      objectReference: {fileID: 0}
    - target: {fileID: 7963884914993799662, guid: d16d89e05ad3d49458ed554ba33485aa, type: 3}
      propertyPath: m_LocalPosition.y
      value: 0
      objectReference: {fileID: 0}
    - target: {fileID: 7963884914993799662, guid: d16d89e05ad3d49458ed554ba33485aa, type: 3}
      propertyPath: m_LocalPosition.z
      value: -25.200005
      objectReference: {fileID: 0}
    - target: {fileID: 7963884914993799662, guid: d16d89e05ad3d49458ed554ba33485aa, type: 3}
      propertyPath: m_LocalRotation.w
      value: 0.7071068
      objectReference: {fileID: 0}
    - target: {fileID: 7963884914993799662, guid: d16d89e05ad3d49458ed554ba33485aa, type: 3}
      propertyPath: m_LocalRotation.x
      value: -0
      objectReference: {fileID: 0}
    - target: {fileID: 7963884914993799662, guid: d16d89e05ad3d49458ed554ba33485aa, type: 3}
      propertyPath: m_LocalRotation.y
      value: -0.7071068
      objectReference: {fileID: 0}
    - target: {fileID: 7963884914993799662, guid: d16d89e05ad3d49458ed554ba33485aa, type: 3}
      propertyPath: m_LocalRotation.z
      value: -0
      objectReference: {fileID: 0}
    - target: {fileID: 7963884914993799662, guid: d16d89e05ad3d49458ed554ba33485aa, type: 3}
      propertyPath: m_LocalEulerAnglesHint.x
      value: 0
      objectReference: {fileID: 0}
    - target: {fileID: 7963884914993799662, guid: d16d89e05ad3d49458ed554ba33485aa, type: 3}
      propertyPath: m_LocalEulerAnglesHint.y
      value: -90
      objectReference: {fileID: 0}
    - target: {fileID: 7963884914993799662, guid: d16d89e05ad3d49458ed554ba33485aa, type: 3}
      propertyPath: m_LocalEulerAnglesHint.z
      value: 0
      objectReference: {fileID: 0}
    m_RemovedComponents: []
  m_SourcePrefab: {fileID: 100100000, guid: d16d89e05ad3d49458ed554ba33485aa, type: 3}
--- !u!4 &709514073324500047 stripped
Transform:
  m_CorrespondingSourceObject: {fileID: 7963884914993799662, guid: d16d89e05ad3d49458ed554ba33485aa, type: 3}
  m_PrefabInstance: {fileID: 7448342905672537505}
  m_PrefabAsset: {fileID: 0}
--- !u!1001 &7448342905945343766
PrefabInstance:
  m_ObjectHideFlags: 0
  serializedVersion: 2
  m_Modification:
    m_TransformParent: {fileID: 7448342904227859412}
    m_Modifications:
    - target: {fileID: 2445610151231412777, guid: a74c060c0ae26c24394f46264bafcf90, type: 3}
      propertyPath: m_RootOrder
      value: 11
      objectReference: {fileID: 0}
    - target: {fileID: 2445610151231412777, guid: a74c060c0ae26c24394f46264bafcf90, type: 3}
      propertyPath: m_LocalPosition.x
      value: 0
      objectReference: {fileID: 0}
    - target: {fileID: 2445610151231412777, guid: a74c060c0ae26c24394f46264bafcf90, type: 3}
      propertyPath: m_LocalPosition.y
      value: 0
      objectReference: {fileID: 0}
    - target: {fileID: 2445610151231412777, guid: a74c060c0ae26c24394f46264bafcf90, type: 3}
      propertyPath: m_LocalPosition.z
      value: -12.800003
      objectReference: {fileID: 0}
    - target: {fileID: 2445610151231412777, guid: a74c060c0ae26c24394f46264bafcf90, type: 3}
      propertyPath: m_LocalRotation.w
      value: 1
      objectReference: {fileID: 0}
    - target: {fileID: 2445610151231412777, guid: a74c060c0ae26c24394f46264bafcf90, type: 3}
      propertyPath: m_LocalRotation.x
      value: -0
      objectReference: {fileID: 0}
    - target: {fileID: 2445610151231412777, guid: a74c060c0ae26c24394f46264bafcf90, type: 3}
      propertyPath: m_LocalRotation.y
      value: -0
      objectReference: {fileID: 0}
    - target: {fileID: 2445610151231412777, guid: a74c060c0ae26c24394f46264bafcf90, type: 3}
      propertyPath: m_LocalRotation.z
      value: -0
      objectReference: {fileID: 0}
    - target: {fileID: 2445610151231412777, guid: a74c060c0ae26c24394f46264bafcf90, type: 3}
      propertyPath: m_LocalEulerAnglesHint.x
      value: 0
      objectReference: {fileID: 0}
    - target: {fileID: 2445610151231412777, guid: a74c060c0ae26c24394f46264bafcf90, type: 3}
      propertyPath: m_LocalEulerAnglesHint.y
      value: 0
      objectReference: {fileID: 0}
    - target: {fileID: 2445610151231412777, guid: a74c060c0ae26c24394f46264bafcf90, type: 3}
      propertyPath: m_LocalEulerAnglesHint.z
      value: 0
      objectReference: {fileID: 0}
    - target: {fileID: 3079157940612792467, guid: a74c060c0ae26c24394f46264bafcf90, type: 3}
      propertyPath: m_Name
      value: Room_Side_Left (1)
      objectReference: {fileID: 0}
    - target: {fileID: 3079157940612792467, guid: a74c060c0ae26c24394f46264bafcf90, type: 3}
      propertyPath: m_StaticEditorFlags
      value: 2147483647
      objectReference: {fileID: 0}
    - target: {fileID: 6284375486305925194, guid: a74c060c0ae26c24394f46264bafcf90, type: 3}
      propertyPath: m_StaticEditorFlags
      value: 2147483647
      objectReference: {fileID: 0}
    m_RemovedComponents: []
  m_SourcePrefab: {fileID: 100100000, guid: a74c060c0ae26c24394f46264bafcf90, type: 3}
--- !u!4 &5092824684535258431 stripped
Transform:
  m_CorrespondingSourceObject: {fileID: 2445610151231412777, guid: a74c060c0ae26c24394f46264bafcf90, type: 3}
  m_PrefabInstance: {fileID: 7448342905945343766}
  m_PrefabAsset: {fileID: 0}
--- !u!1001 &7448342906034166119
PrefabInstance:
  m_ObjectHideFlags: 0
  serializedVersion: 2
  m_Modification:
    m_TransformParent: {fileID: 7448342904227859412}
    m_Modifications:
    - target: {fileID: 1838944001481778041, guid: adc33051cb840ea409fcad8495d4c0e2, type: 3}
      propertyPath: m_StaticEditorFlags
      value: 2147483647
      objectReference: {fileID: 0}
    - target: {fileID: 1838944001839346481, guid: adc33051cb840ea409fcad8495d4c0e2, type: 3}
      propertyPath: m_StaticEditorFlags
      value: 2147483647
      objectReference: {fileID: 0}
    - target: {fileID: 7208281905929345952, guid: adc33051cb840ea409fcad8495d4c0e2, type: 3}
      propertyPath: m_StaticEditorFlags
      value: 2147483647
      objectReference: {fileID: 0}
    - target: {fileID: 7208281906244963304, guid: adc33051cb840ea409fcad8495d4c0e2, type: 3}
      propertyPath: m_StaticEditorFlags
      value: 2147483647
      objectReference: {fileID: 0}
    - target: {fileID: 8253884314524736930, guid: adc33051cb840ea409fcad8495d4c0e2, type: 3}
      propertyPath: m_Name
      value: Ceiling_2_x_1 (1)
      objectReference: {fileID: 0}
    - target: {fileID: 8253884314524736930, guid: adc33051cb840ea409fcad8495d4c0e2, type: 3}
      propertyPath: m_StaticEditorFlags
      value: 2147483647
      objectReference: {fileID: 0}
    - target: {fileID: 8253884314524736931, guid: adc33051cb840ea409fcad8495d4c0e2, type: 3}
      propertyPath: m_RootOrder
      value: 14
      objectReference: {fileID: 0}
    - target: {fileID: 8253884314524736931, guid: adc33051cb840ea409fcad8495d4c0e2, type: 3}
      propertyPath: m_LocalPosition.x
      value: 0.2000122
      objectReference: {fileID: 0}
    - target: {fileID: 8253884314524736931, guid: adc33051cb840ea409fcad8495d4c0e2, type: 3}
      propertyPath: m_LocalPosition.y
      value: 12.599998
      objectReference: {fileID: 0}
    - target: {fileID: 8253884314524736931, guid: adc33051cb840ea409fcad8495d4c0e2, type: 3}
      propertyPath: m_LocalPosition.z
      value: -12.370026
      objectReference: {fileID: 0}
    - target: {fileID: 8253884314524736931, guid: adc33051cb840ea409fcad8495d4c0e2, type: 3}
      propertyPath: m_LocalRotation.w
      value: 1
      objectReference: {fileID: 0}
    - target: {fileID: 8253884314524736931, guid: adc33051cb840ea409fcad8495d4c0e2, type: 3}
      propertyPath: m_LocalRotation.x
      value: -0
      objectReference: {fileID: 0}
    - target: {fileID: 8253884314524736931, guid: adc33051cb840ea409fcad8495d4c0e2, type: 3}
      propertyPath: m_LocalRotation.y
      value: -0
      objectReference: {fileID: 0}
    - target: {fileID: 8253884314524736931, guid: adc33051cb840ea409fcad8495d4c0e2, type: 3}
      propertyPath: m_LocalRotation.z
      value: -0
      objectReference: {fileID: 0}
    - target: {fileID: 8253884314524736931, guid: adc33051cb840ea409fcad8495d4c0e2, type: 3}
      propertyPath: m_LocalEulerAnglesHint.x
      value: 0
      objectReference: {fileID: 0}
    - target: {fileID: 8253884314524736931, guid: adc33051cb840ea409fcad8495d4c0e2, type: 3}
      propertyPath: m_LocalEulerAnglesHint.y
      value: 0
      objectReference: {fileID: 0}
    - target: {fileID: 8253884314524736931, guid: adc33051cb840ea409fcad8495d4c0e2, type: 3}
      propertyPath: m_LocalEulerAnglesHint.z
      value: 0
      objectReference: {fileID: 0}
    m_RemovedComponents: []
  m_SourcePrefab: {fileID: 100100000, guid: adc33051cb840ea409fcad8495d4c0e2, type: 3}
--- !u!4 &1573555506631263428 stripped
Transform:
  m_CorrespondingSourceObject: {fileID: 8253884314524736931, guid: adc33051cb840ea409fcad8495d4c0e2, type: 3}
  m_PrefabInstance: {fileID: 7448342906034166119}
  m_PrefabAsset: {fileID: 0}
--- !u!1001 &7448342906096278217
PrefabInstance:
  m_ObjectHideFlags: 0
  serializedVersion: 2
  m_Modification:
    m_TransformParent: {fileID: 7448342904227859412}
    m_Modifications:
    - target: {fileID: 1026576659517774476, guid: 20efaa0d21d8dec4faaeab1352fd7e48, type: 3}
      propertyPath: m_StaticEditorFlags
      value: 2147483647
      objectReference: {fileID: 0}
    - target: {fileID: 1026576659517774478, guid: 20efaa0d21d8dec4faaeab1352fd7e48, type: 3}
      propertyPath: m_Enabled
      value: 1
      objectReference: {fileID: 0}
    - target: {fileID: 1026576659517774513, guid: 20efaa0d21d8dec4faaeab1352fd7e48, type: 3}
      propertyPath: m_CastShadows
      value: 1
      objectReference: {fileID: 0}
    - target: {fileID: 1026576659517774513, guid: 20efaa0d21d8dec4faaeab1352fd7e48, type: 3}
      propertyPath: m_DynamicOccludee
      value: 1
      objectReference: {fileID: 0}
    - target: {fileID: 1026576659842323062, guid: 20efaa0d21d8dec4faaeab1352fd7e48, type: 3}
      propertyPath: m_RootOrder
      value: 8
      objectReference: {fileID: 0}
    - target: {fileID: 1026576659842323062, guid: 20efaa0d21d8dec4faaeab1352fd7e48, type: 3}
      propertyPath: m_LocalPosition.x
      value: -12.5
      objectReference: {fileID: 0}
    - target: {fileID: 1026576659842323062, guid: 20efaa0d21d8dec4faaeab1352fd7e48, type: 3}
      propertyPath: m_LocalPosition.y
      value: 0
      objectReference: {fileID: 0}
    - target: {fileID: 1026576659842323062, guid: 20efaa0d21d8dec4faaeab1352fd7e48, type: 3}
      propertyPath: m_LocalPosition.z
      value: -25.200005
      objectReference: {fileID: 0}
    - target: {fileID: 1026576659842323062, guid: 20efaa0d21d8dec4faaeab1352fd7e48, type: 3}
      propertyPath: m_LocalRotation.w
      value: -0.7071068
      objectReference: {fileID: 0}
    - target: {fileID: 1026576659842323062, guid: 20efaa0d21d8dec4faaeab1352fd7e48, type: 3}
      propertyPath: m_LocalRotation.x
      value: 0
      objectReference: {fileID: 0}
    - target: {fileID: 1026576659842323062, guid: 20efaa0d21d8dec4faaeab1352fd7e48, type: 3}
      propertyPath: m_LocalRotation.y
      value: 0.7071068
      objectReference: {fileID: 0}
    - target: {fileID: 1026576659842323062, guid: 20efaa0d21d8dec4faaeab1352fd7e48, type: 3}
      propertyPath: m_LocalRotation.z
      value: -0
      objectReference: {fileID: 0}
    - target: {fileID: 1026576659842323062, guid: 20efaa0d21d8dec4faaeab1352fd7e48, type: 3}
      propertyPath: m_LocalEulerAnglesHint.x
      value: 0
      objectReference: {fileID: 0}
    - target: {fileID: 1026576659842323062, guid: 20efaa0d21d8dec4faaeab1352fd7e48, type: 3}
      propertyPath: m_LocalEulerAnglesHint.y
      value: 0
      objectReference: {fileID: 0}
    - target: {fileID: 1026576659842323062, guid: 20efaa0d21d8dec4faaeab1352fd7e48, type: 3}
      propertyPath: m_LocalEulerAnglesHint.z
      value: 0
      objectReference: {fileID: 0}
    - target: {fileID: 1026576659842323063, guid: 20efaa0d21d8dec4faaeab1352fd7e48, type: 3}
      propertyPath: m_Name
      value: Room_Corner_left_back
      objectReference: {fileID: 0}
    - target: {fileID: 1026576659842323063, guid: 20efaa0d21d8dec4faaeab1352fd7e48, type: 3}
      propertyPath: m_StaticEditorFlags
      value: 2147483647
      objectReference: {fileID: 0}
    m_RemovedComponents: []
  m_SourcePrefab: {fileID: 100100000, guid: 20efaa0d21d8dec4faaeab1352fd7e48, type: 3}
--- !u!4 &7593902816086755519 stripped
Transform:
  m_CorrespondingSourceObject: {fileID: 1026576659842323062, guid: 20efaa0d21d8dec4faaeab1352fd7e48, type: 3}
  m_PrefabInstance: {fileID: 7448342906096278217}
  m_PrefabAsset: {fileID: 0}
--- !u!1001 &7448342906120337888
PrefabInstance:
  m_ObjectHideFlags: 0
  serializedVersion: 2
  m_Modification:
    m_TransformParent: {fileID: 7448342904227859412}
    m_Modifications:
    - target: {fileID: 1838944001481778041, guid: adc33051cb840ea409fcad8495d4c0e2, type: 3}
      propertyPath: m_StaticEditorFlags
      value: 2147483647
      objectReference: {fileID: 0}
    - target: {fileID: 1838944001839346481, guid: adc33051cb840ea409fcad8495d4c0e2, type: 3}
      propertyPath: m_StaticEditorFlags
      value: 2147483647
      objectReference: {fileID: 0}
    - target: {fileID: 7208281905929345952, guid: adc33051cb840ea409fcad8495d4c0e2, type: 3}
      propertyPath: m_StaticEditorFlags
      value: 2147483647
      objectReference: {fileID: 0}
    - target: {fileID: 7208281906244963304, guid: adc33051cb840ea409fcad8495d4c0e2, type: 3}
      propertyPath: m_StaticEditorFlags
      value: 2147483647
      objectReference: {fileID: 0}
    - target: {fileID: 8253884314524736930, guid: adc33051cb840ea409fcad8495d4c0e2, type: 3}
      propertyPath: m_Name
      value: Ceiling_2_x_1 (3)
      objectReference: {fileID: 0}
    - target: {fileID: 8253884314524736930, guid: adc33051cb840ea409fcad8495d4c0e2, type: 3}
      propertyPath: m_StaticEditorFlags
      value: 2147483647
      objectReference: {fileID: 0}
    - target: {fileID: 8253884314524736931, guid: adc33051cb840ea409fcad8495d4c0e2, type: 3}
      propertyPath: m_RootOrder
      value: 16
      objectReference: {fileID: 0}
    - target: {fileID: 8253884314524736931, guid: adc33051cb840ea409fcad8495d4c0e2, type: 3}
      propertyPath: m_LocalPosition.x
      value: 0.2000122
      objectReference: {fileID: 0}
    - target: {fileID: 8253884314524736931, guid: adc33051cb840ea409fcad8495d4c0e2, type: 3}
      propertyPath: m_LocalPosition.y
      value: 12.599998
      objectReference: {fileID: 0}
    - target: {fileID: 8253884314524736931, guid: adc33051cb840ea409fcad8495d4c0e2, type: 3}
      propertyPath: m_LocalPosition.z
      value: 12.974976
      objectReference: {fileID: 0}
    - target: {fileID: 8253884314524736931, guid: adc33051cb840ea409fcad8495d4c0e2, type: 3}
      propertyPath: m_LocalRotation.w
      value: 1
      objectReference: {fileID: 0}
    - target: {fileID: 8253884314524736931, guid: adc33051cb840ea409fcad8495d4c0e2, type: 3}
      propertyPath: m_LocalRotation.x
      value: -0
      objectReference: {fileID: 0}
    - target: {fileID: 8253884314524736931, guid: adc33051cb840ea409fcad8495d4c0e2, type: 3}
      propertyPath: m_LocalRotation.y
      value: -0
      objectReference: {fileID: 0}
    - target: {fileID: 8253884314524736931, guid: adc33051cb840ea409fcad8495d4c0e2, type: 3}
      propertyPath: m_LocalRotation.z
      value: -0
      objectReference: {fileID: 0}
    - target: {fileID: 8253884314524736931, guid: adc33051cb840ea409fcad8495d4c0e2, type: 3}
      propertyPath: m_LocalEulerAnglesHint.x
      value: 0
      objectReference: {fileID: 0}
    - target: {fileID: 8253884314524736931, guid: adc33051cb840ea409fcad8495d4c0e2, type: 3}
      propertyPath: m_LocalEulerAnglesHint.y
      value: 0
      objectReference: {fileID: 0}
    - target: {fileID: 8253884314524736931, guid: adc33051cb840ea409fcad8495d4c0e2, type: 3}
      propertyPath: m_LocalEulerAnglesHint.z
      value: 0
      objectReference: {fileID: 0}
    m_RemovedComponents: []
  m_SourcePrefab: {fileID: 100100000, guid: adc33051cb840ea409fcad8495d4c0e2, type: 3}
--- !u!4 &1573555506460501059 stripped
Transform:
  m_CorrespondingSourceObject: {fileID: 8253884314524736931, guid: adc33051cb840ea409fcad8495d4c0e2, type: 3}
  m_PrefabInstance: {fileID: 7448342906120337888}
  m_PrefabAsset: {fileID: 0}
--- !u!1001 &7448342906133583290
PrefabInstance:
  m_ObjectHideFlags: 0
  serializedVersion: 2
  m_Modification:
    m_TransformParent: {fileID: 7448342904227859412}
    m_Modifications:
    - target: {fileID: 7336114536649369105, guid: fcf1751eda018dd469887a125b69a7cb, type: 3}
      propertyPath: m_Name
      value: large_torch (1)
      objectReference: {fileID: 0}
    - target: {fileID: 7963716411210136747, guid: fcf1751eda018dd469887a125b69a7cb, type: 3}
      propertyPath: m_RootOrder
      value: 23
      objectReference: {fileID: 0}
    - target: {fileID: 7963716411210136747, guid: fcf1751eda018dd469887a125b69a7cb, type: 3}
      propertyPath: m_LocalPosition.x
      value: 17.509247
      objectReference: {fileID: 0}
    - target: {fileID: 7963716411210136747, guid: fcf1751eda018dd469887a125b69a7cb, type: 3}
      propertyPath: m_LocalPosition.y
      value: 0.29999924
      objectReference: {fileID: 0}
    - target: {fileID: 7963716411210136747, guid: fcf1751eda018dd469887a125b69a7cb, type: 3}
      propertyPath: m_LocalPosition.z
      value: -7.3074036
      objectReference: {fileID: 0}
    - target: {fileID: 7963716411210136747, guid: fcf1751eda018dd469887a125b69a7cb, type: 3}
      propertyPath: m_LocalRotation.w
      value: 1
      objectReference: {fileID: 0}
    - target: {fileID: 7963716411210136747, guid: fcf1751eda018dd469887a125b69a7cb, type: 3}
      propertyPath: m_LocalRotation.x
      value: -0
      objectReference: {fileID: 0}
    - target: {fileID: 7963716411210136747, guid: fcf1751eda018dd469887a125b69a7cb, type: 3}
      propertyPath: m_LocalRotation.y
      value: -0
      objectReference: {fileID: 0}
    - target: {fileID: 7963716411210136747, guid: fcf1751eda018dd469887a125b69a7cb, type: 3}
      propertyPath: m_LocalRotation.z
      value: -0
      objectReference: {fileID: 0}
    - target: {fileID: 7963716411210136747, guid: fcf1751eda018dd469887a125b69a7cb, type: 3}
      propertyPath: m_LocalEulerAnglesHint.x
      value: 0
      objectReference: {fileID: 0}
    - target: {fileID: 7963716411210136747, guid: fcf1751eda018dd469887a125b69a7cb, type: 3}
      propertyPath: m_LocalEulerAnglesHint.y
      value: 0
      objectReference: {fileID: 0}
    - target: {fileID: 7963716411210136747, guid: fcf1751eda018dd469887a125b69a7cb, type: 3}
      propertyPath: m_LocalEulerAnglesHint.z
      value: 0
      objectReference: {fileID: 0}
    m_RemovedComponents: []
  m_SourcePrefab: {fileID: 100100000, guid: fcf1751eda018dd469887a125b69a7cb, type: 3}
--- !u!4 &709626492946245905 stripped
Transform:
  m_CorrespondingSourceObject: {fileID: 7963716411210136747, guid: fcf1751eda018dd469887a125b69a7cb, type: 3}
  m_PrefabInstance: {fileID: 7448342906133583290}
  m_PrefabAsset: {fileID: 0}
